bid;ask;tick;SpreadNominal;SpreadTick;Symbol;time;instrument
   70,10;   70,50;0,01;  0,40; 40;DOJun20A;2020-06-11T13:18:01Z;DO
  125,00;  125,50;0,05;  0,50; 10;GGALJun20;2020-06-11T13:18:01Z;GGAL
 1736,00; 1755,00;0,10; 19,00;190;OROJul20;2020-06-11T13:18:01Z;ORO
61300,00;61335,00;5,00; 35,00;  7;RFX20Jun20;2020-06-11T13:18:01Z;RFX20
   37,12;   37,20;0,01;  0,08;  8;WTIJul20;2020-06-11T13:18:01Z;WTI
   70,10;   70,50;0,01;  0,40; 40;DOJun20A;2020-06-11T13:18:07Z;DO
  125,00;  125,50;0,05;  0,50; 10;GGALJun20;2020-06-11T13:18:07Z;GGAL
 1736,00; 1755,00;0,10; 19,00;190;OROJul20;2020-06-11T13:18:07Z;ORO
61300,00;61335,00;5,00; 35,00;  7;RFX20Jun20;2020-06-11T13:18:07Z;RFX20
   37,10;   37,20;0,01;  0,10; 10;WTIJul20;2020-06-11T13:18:07Z;WTI
   70,10;   70,50;0,01;  0,40; 40;DOJun20A;2020-06-11T13:18:14Z;DO
  125,00;  125,50;0,05;  0,50; 10;GGALJun20;2020-06-11T13:18:14Z;GGAL
 1736,00; 1755,00;0,10; 19,00;190;OROJul20;2020-06-11T13:18:14Z;ORO
61300,00;61350,00;5,00; 50,00; 10;RFX20Jun20;2020-06-11T13:18:14Z;RFX20
   37,10;   37,45;0,01;  0,35; 35;WTIJul20;2020-06-11T13:18:14Z;WTI
   70,10;   70,50;0,01;  0,40; 40;DOJun20A;2020-06-11T13:18:20Z;DO
  125,00;  125,50;0,05;  0,50; 10;GGALJun20;2020-06-11T13:18:20Z;GGAL
 1736,00; 1755,00;0,10; 19,00;190;OROJul20;2020-06-11T13:18:20Z;ORO
61300,00;61335,00;5,00; 35,00;  7;RFX20Jun20;2020-06-11T13:18:20Z;RFX20
   37,10;   37,44;0,01;  0,34; 34;WTIJul20;2020-06-11T13:18:20Z;WTI
   70,10;   70,50;0,01;  0,40; 40;DOJun20A;2020-06-11T13:18:27Z;DO
  125,30;  125,50;0,05;  0,20;  4;GGALJun20;2020-06-11T13:18:27Z;GGAL
 1736,00; 1755,00;0,10; 19,00;190;OROJul20;2020-06-11T13:18:27Z;ORO
61300,00;61335,00;5,00; 35,00;  7;RFX20Jun20;2020-06-11T13:18:27Z;RFX20
   37,10;   37,43;0,01;  0,33; 33;WTIJul20;2020-06-11T13:18:27Z;WTI
   70,10;   70,50;0,01;  0,40; 40;DOJun20A;2020-06-11T13:18:33Z;DO
  125,30;  125,50;0,05;  0,20;  4;GGALJun20;2020-06-11T13:18:33Z;GGAL
 1736,00; 1755,00;0,10; 19,00;190;OROJul20;2020-06-11T13:18:33Z;ORO
61310,00;61335,00;5,00; 25,00;  5;RFX20Jun20;2020-06-11T13:18:33Z;RFX20
   37,10;   37,20;0,01;  0,10; 10;WTIJul20;2020-06-11T13:18:33Z;WTI
   70,10;   70,50;0,01;  0,40; 40;DOJun20A;2020-06-11T13:18:40Z;DO
  125,30;  125,50;0,05;  0,20;  4;GGALJun20;2020-06-11T13:18:40Z;GGAL
 1736,00; 1755,00;0,10; 19,00;190;OROJul20;2020-06-11T13:18:40Z;ORO
61310,00;61335,00;5,00; 25,00;  5;RFX20Jun20;2020-06-11T13:18:40Z;RFX20
   37,10;   37,20;0,01;  0,10; 10;WTIJul20;2020-06-11T13:18:40Z;WTI
   70,10;   70,50;0,01;  0,40; 40;DOJun20A;2020-06-11T13:18:47Z;DO
  125,30;  125,50;0,05;  0,20;  4;GGALJun20;2020-06-11T13:18:47Z;GGAL
 1736,00; 1755,00;0,10; 19,00;190;OROJul20;2020-06-11T13:18:47Z;ORO
61350,00;61440,00;5,00; 90,00; 18;RFX20Jun20;2020-06-11T13:18:47Z;RFX20
   37,11;   37,20;0,01;  0,09;  9;WTIJul20;2020-06-11T13:18:47Z;WTI
   70,10;   70,50;0,01;  0,40; 40;DOJun20A;2020-06-11T13:18:53Z;DO
  125,30;  125,50;0,05;  0,20;  4;GGALJun20;2020-06-11T13:18:53Z;GGAL
 1736,00; 1755,00;0,10; 19,00;190;OROJul20;2020-06-11T13:18:53Z;ORO
61350,00;61440,00;5,00; 90,00; 18;RFX20Jun20;2020-06-11T13:18:53Z;RFX20
   37,11;   37,20;0,01;  0,09;  9;WTIJul20;2020-06-11T13:18:53Z;WTI
   70,10;   70,50;0,01;  0,40; 40;DOJun20A;2020-06-11T13:19:00Z;DO
  125,30;  125,50;0,05;  0,20;  4;GGALJun20;2020-06-11T13:19:00Z;GGAL
 1736,00; 1755,00;0,10; 19,00;190;OROJul20;2020-06-11T13:19:00Z;ORO
61360,00;61440,00;5,00; 80,00; 16;RFX20Jun20;2020-06-11T13:19:00Z;RFX20
   37,11;   37,20;0,01;  0,09;  9;WTIJul20;2020-06-11T13:19:00Z;WTI
   70,10;   70,50;0,01;  0,40; 40;DOJun20A;2020-06-11T13:19:06Z;DO
  125,30;  125,50;0,05;  0,20;  4;GGALJun20;2020-06-11T13:19:06Z;GGAL
 1736,00; 1755,00;0,10; 19,00;190;OROJul20;2020-06-11T13:19:06Z;ORO
61360,00;61400,00;5,00; 40,00;  8;RFX20Jun20;2020-06-11T13:19:06Z;RFX20
   37,11;   37,28;0,01;  0,17; 17;WTIJul20;2020-06-11T13:19:06Z;WTI
   70,10;   70,50;0,01;  0,40; 40;DOJun20A;2020-06-11T13:19:13Z;DO
  125,30;  125,50;0,05;  0,20;  4;GGALJun20;2020-06-11T13:19:13Z;GGAL
 1736,00; 1755,00;0,10; 19,00;190;OROJul20;2020-06-11T13:19:13Z;ORO
61360,00;61400,00;5,00; 40,00;  8;RFX20Jun20;2020-06-11T13:19:13Z;RFX20
   37,11;   37,28;0,01;  0,17; 17;WTIJul20;2020-06-11T13:19:13Z;WTI
   70,10;   70,50;0,01;  0,40; 40;DOJun20A;2020-06-11T13:19:20Z;DO
  125,30;  125,50;0,05;  0,20;  4;GGALJun20;2020-06-11T13:19:20Z;GGAL
 1736,00; 1755,00;0,10; 19,00;190;OROJul20;2020-06-11T13:19:20Z;ORO
61400,00;61440,00;5,00; 40,00;  8;RFX20Jun20;2020-06-11T13:19:20Z;RFX20
   37,12;   37,27;0,01;  0,15; 15;WTIJul20;2020-06-11T13:19:20Z;WTI
   70,10;   70,50;0,01;  0,40; 40;DOJun20A;2020-06-11T13:19:27Z;DO
  125,30;  125,55;0,05;  0,25;  5;GGALJun20;2020-06-11T13:19:27Z;GGAL
 1736,00; 1755,00;0,10; 19,00;190;OROJul20;2020-06-11T13:19:27Z;ORO
61360,00;61435,00;5,00; 75,00; 15;RFX20Jun20;2020-06-11T13:19:27Z;RFX20
   37,12;   37,27;0,01;  0,15; 15;WTIJul20;2020-06-11T13:19:27Z;WTI
   70,10;   70,50;0,01;  0,40; 40;DOJun20A;2020-06-11T13:19:34Z;DO
  125,30;  125,55;0,05;  0,25;  5;GGALJun20;2020-06-11T13:19:34Z;GGAL
 1736,00; 1755,00;0,10; 19,00;190;OROJul20;2020-06-11T13:19:34Z;ORO
61365,00;61440,00;5,00; 75,00; 15;RFX20Jun20;2020-06-11T13:19:34Z;RFX20
   37,12;   37,27;0,01;  0,15; 15;WTIJul20;2020-06-11T13:19:34Z;WTI
   70,10;   70,50;0,01;  0,40; 40;DOJun20A;2020-06-11T13:19:40Z;DO
  125,40;  125,55;0,05;  0,15;  3;GGALJun20;2020-06-11T13:19:40Z;GGAL
 1736,00; 1755,00;0,10; 19,00;190;OROJul20;2020-06-11T13:19:40Z;ORO
61365,00;61445,00;5,00; 80,00; 16;RFX20Jun20;2020-06-11T13:19:40Z;RFX20
   37,12;   37,25;0,01;  0,13; 13;WTIJul20;2020-06-11T13:19:40Z;WTI
   70,10;   70,50;0,01;  0,40; 40;DOJun20A;2020-06-11T13:19:47Z;DO
  125,40;  125,55;0,05;  0,15;  3;GGALJun20;2020-06-11T13:19:47Z;GGAL
 1736,00; 1755,00;0,10; 19,00;190;OROJul20;2020-06-11T13:19:47Z;ORO
61365,00;61435,00;5,00; 70,00; 14;RFX20Jun20;2020-06-11T13:19:47Z;RFX20
   37,12;   37,25;0,01;  0,13; 13;WTIJul20;2020-06-11T13:19:47Z;WTI
   70,10;   70,50;0,01;  0,40; 40;DOJun20A;2020-06-11T13:19:53Z;DO
  125,40;  125,55;0,05;  0,15;  3;GGALJun20;2020-06-11T13:19:53Z;GGAL
 1736,00; 1755,00;0,10; 19,00;190;OROJul20;2020-06-11T13:19:53Z;ORO
61400,00;61440,00;5,00; 40,00;  8;RFX20Jun20;2020-06-11T13:19:53Z;RFX20
   37,13;   37,25;0,01;  0,12; 12;WTIJul20;2020-06-11T13:19:53Z;WTI
   70,10;   70,50;0,01;  0,40; 40;DOJun20A;2020-06-11T13:20:00Z;DO
  125,40;  125,55;0,05;  0,15;  3;GGALJun20;2020-06-11T13:20:00Z;GGAL
 1736,00; 1755,00;0,10; 19,00;190;OROJul20;2020-06-11T13:20:00Z;ORO
61430,00;61445,00;5,00; 15,00;  3;RFX20Jun20;2020-06-11T13:20:00Z;RFX20
   37,13;   37,25;0,01;  0,12; 12;WTIJul20;2020-06-11T13:20:00Z;WTI
   70,10;   70,50;0,01;  0,40; 40;DOJun20A;2020-06-11T13:20:07Z;DO
  125,40;  125,55;0,05;  0,15;  3;GGALJun20;2020-06-11T13:20:07Z;GGAL
 1736,00; 1755,00;0,10; 19,00;190;OROJul20;2020-06-11T13:20:07Z;ORO
61430,00;61470,00;5,00; 40,00;  8;RFX20Jun20;2020-06-11T13:20:07Z;RFX20
   37,13;   37,25;0,01;  0,12; 12;WTIJul20;2020-06-11T13:20:07Z;WTI
   70,10;   70,50;0,01;  0,40; 40;DOJun20A;2020-06-11T13:20:13Z;DO
  125,40;  125,55;0,05;  0,15;  3;GGALJun20;2020-06-11T13:20:13Z;GGAL
 1736,00; 1755,00;0,10; 19,00;190;OROJul20;2020-06-11T13:20:13Z;ORO
61400,00;61545,00;5,00;145,00; 29;RFX20Jun20;2020-06-11T13:20:13Z;RFX20
   37,14;   37,25;0,01;  0,11; 11;WTIJul20;2020-06-11T13:20:13Z;WTI
   70,10;   70,50;0,01;  0,40; 40;DOJun20A;2020-06-11T13:20:20Z;DO
  125,40;  125,55;0,05;  0,15;  3;GGALJun20;2020-06-11T13:20:20Z;GGAL
 1736,00; 1755,00;0,10; 19,00;190;OROJul20;2020-06-11T13:20:20Z;ORO
61400,00;61470,00;5,00; 70,00; 14;RFX20Jun20;2020-06-11T13:20:20Z;RFX20
   37,15;   37,25;0,01;  0,10; 10;WTIJul20;2020-06-11T13:20:20Z;WTI
   70,10;   70,50;0,01;  0,40; 40;DOJun20A;2020-06-11T13:20:27Z;DO
  125,40;  125,55;0,05;  0,15;  3;GGALJun20;2020-06-11T13:20:27Z;GGAL
 1736,00; 1755,00;0,10; 19,00;190;OROJul20;2020-06-11T13:20:27Z;ORO
61400,00;61470,00;5,00; 70,00; 14;RFX20Jun20;2020-06-11T13:20:27Z;RFX20
   37,15;   37,20;0,01;  0,05;  5;WTIJul20;2020-06-11T13:20:27Z;WTI
   70,10;   70,50;0,01;  0,40; 40;DOJun20A;2020-06-11T13:20:34Z;DO
  125,40;  125,55;0,05;  0,15;  3;GGALJun20;2020-06-11T13:20:34Z;GGAL
 1736,00; 1755,00;0,10; 19,00;190;OROJul20;2020-06-11T13:20:34Z;ORO
61400,00;61470,00;5,00; 70,00; 14;RFX20Jun20;2020-06-11T13:20:34Z;RFX20
   37,15;   37,20;0,01;  0,05;  5;WTIJul20;2020-06-11T13:20:34Z;WTI
   70,10;   70,50;0,01;  0,40; 40;DOJun20A;2020-06-11T13:20:40Z;DO
  125,40;  125,50;0,05;  0,10;  2;GGALJun20;2020-06-11T13:20:40Z;GGAL
 1736,00; 1755,00;0,10; 19,00;190;OROJul20;2020-06-11T13:20:40Z;ORO
61360,00;61400,00;5,00; 40,00;  8;RFX20Jun20;2020-06-11T13:20:40Z;RFX20
   37,15;   37,20;0,01;  0,05;  5;WTIJul20;2020-06-11T13:20:40Z;WTI
   70,10;   70,50;0,01;  0,40; 40;DOJun20A;2020-06-11T13:20:47Z;DO
  125,40;  125,50;0,05;  0,10;  2;GGALJun20;2020-06-11T13:20:47Z;GGAL
 1736,00; 1755,00;0,10; 19,00;190;OROJul20;2020-06-11T13:20:47Z;ORO
61400,00;61470,00;5,00; 70,00; 14;RFX20Jun20;2020-06-11T13:20:47Z;RFX20
   37,15;   37,20;0,01;  0,05;  5;WTIJul20;2020-06-11T13:20:47Z;WTI
   70,10;   70,50;0,01;  0,40; 40;DOJun20A;2020-06-11T13:20:53Z;DO
  125,40;  125,50;0,05;  0,10;  2;GGALJun20;2020-06-11T13:20:53Z;GGAL
 1736,00; 1755,00;0,10; 19,00;190;OROJul20;2020-06-11T13:20:53Z;ORO
61400,00;61470,00;5,00; 70,00; 14;RFX20Jun20;2020-06-11T13:20:53Z;RFX20
   37,15;   37,19;0,01;  0,04;  4;WTIJul20;2020-06-11T13:20:53Z;WTI
   70,10;   70,50;0,01;  0,40; 40;DOJun20A;2020-06-11T13:21:00Z;DO
  125,40;  125,50;0,05;  0,10;  2;GGALJun20;2020-06-11T13:21:00Z;GGAL
 1736,00; 1755,00;0,10; 19,00;190;OROJul20;2020-06-11T13:21:00Z;ORO
61360,00;61465,00;5,00;105,00; 21;RFX20Jun20;2020-06-11T13:21:00Z;RFX20
   37,12;   37,19;0,01;  0,07;  7;WTIJul20;2020-06-11T13:21:00Z;WTI
   70,10;   70,50;0,01;  0,40; 40;DOJun20A;2020-06-11T13:21:06Z;DO
  125,40;  125,45;0,05;  0,05;  1;GGALJun20;2020-06-11T13:21:06Z;GGAL
 1736,00; 1755,00;0,10; 19,00;190;OROJul20;2020-06-11T13:21:06Z;ORO
61365,00;61440,00;5,00; 75,00; 15;RFX20Jun20;2020-06-11T13:21:06Z;RFX20
   37,19;   37,20;0,01;  0,01;  1;WTIJul20;2020-06-11T13:21:06Z;WTI
   70,10;   70,50;0,01;  0,40; 40;DOJun20A;2020-06-11T13:21:13Z;DO
  125,40;  125,45;0,05;  0,05;  1;GGALJun20;2020-06-11T13:21:13Z;GGAL
 1736,00; 1755,00;0,10; 19,00;190;OROJul20;2020-06-11T13:21:13Z;ORO
61365,00;61440,00;5,00; 75,00; 15;RFX20Jun20;2020-06-11T13:21:13Z;RFX20
   37,19;   37,20;0,01;  0,01;  1;WTIJul20;2020-06-11T13:21:13Z;WTI
   70,10;   70,50;0,01;  0,40; 40;DOJun20A;2020-06-11T13:21:19Z;DO
  125,40;  125,45;0,05;  0,05;  1;GGALJun20;2020-06-11T13:21:19Z;GGAL
 1736,00; 1755,00;0,10; 19,00;190;OROJul20;2020-06-11T13:21:19Z;ORO
61365,00;61435,00;5,00; 70,00; 14;RFX20Jun20;2020-06-11T13:21:19Z;RFX20
   37,19;   37,20;0,01;  0,01;  1;WTIJul20;2020-06-11T13:21:19Z;WTI
   70,10;   70,50;0,01;  0,40; 40;DOJun20A;2020-06-11T13:21:26Z;DO
  125,40;  125,45;0,05;  0,05;  1;GGALJun20;2020-06-11T13:21:26Z;GGAL
 1736,00; 1755,00;0,10; 19,00;190;OROJul20;2020-06-11T13:21:26Z;ORO
61360,00;61400,00;5,00; 40,00;  8;RFX20Jun20;2020-06-11T13:21:26Z;RFX20
   37,20;   37,25;0,01;  0,05;  5;WTIJul20;2020-06-11T13:21:26Z;WTI
   70,10;   70,50;0,01;  0,40; 40;DOJun20A;2020-06-11T13:21:33Z;DO
  125,40;  125,45;0,05;  0,05;  1;GGALJun20;2020-06-11T13:21:33Z;GGAL
 1736,00; 1755,00;0,10; 19,00;190;OROJul20;2020-06-11T13:21:33Z;ORO
61360,00;61400,00;5,00; 40,00;  8;RFX20Jun20;2020-06-11T13:21:33Z;RFX20
   37,20;   37,45;0,01;  0,25; 25;WTIJul20;2020-06-11T13:21:33Z;WTI
   70,10;   70,50;0,01;  0,40; 40;DOJun20A;2020-06-11T13:21:40Z;DO
  125,40;  125,45;0,05;  0,05;  1;GGALJun20;2020-06-11T13:21:40Z;GGAL
 1736,00; 1755,00;0,10; 19,00;190;OROJul20;2020-06-11T13:21:40Z;ORO
61365,00;61470,00;5,00;105,00; 21;RFX20Jun20;2020-06-11T13:21:40Z;RFX20
   37,20;   37,45;0,01;  0,25; 25;WTIJul20;2020-06-11T13:21:40Z;WTI
   70,10;   70,50;0,01;  0,40; 40;DOJun20A;2020-06-11T13:21:46Z;DO
  125,40;  125,45;0,05;  0,05;  1;GGALJun20;2020-06-11T13:21:46Z;GGAL
 1736,00; 1755,00;0,10; 19,00;190;OROJul20;2020-06-11T13:21:46Z;ORO
61405,00;61470,00;5,00; 65,00; 13;RFX20Jun20;2020-06-11T13:21:46Z;RFX20
   37,20;   37,44;0,01;  0,24; 24;WTIJul20;2020-06-11T13:21:46Z;WTI
   70,10;   70,50;0,01;  0,40; 40;DOJun20A;2020-06-11T13:21:53Z;DO
  125,40;  125,45;0,05;  0,05;  1;GGALJun20;2020-06-11T13:21:53Z;GGAL
 1736,00; 1755,00;0,10; 19,00;190;OROJul20;2020-06-11T13:21:53Z;ORO
61400,00;61470,00;5,00; 70,00; 14;RFX20Jun20;2020-06-11T13:21:53Z;RFX20
   37,20;   37,40;0,01;  0,20; 20;WTIJul20;2020-06-11T13:21:53Z;WTI
   70,10;   70,50;0,01;  0,40; 40;DOJun20A;2020-06-11T13:21:59Z;DO
  125,40;  125,45;0,05;  0,05;  1;GGALJun20;2020-06-11T13:21:59Z;GGAL
 1736,00; 1755,00;0,10; 19,00;190;OROJul20;2020-06-11T13:21:59Z;ORO
61360,00;61470,00;5,00;110,00; 22;RFX20Jun20;2020-06-11T13:21:59Z;RFX20
   37,20;   37,40;0,01;  0,20; 20;WTIJul20;2020-06-11T13:21:59Z;WTI
   70,10;   70,50;0,01;  0,40; 40;DOJun20A;2020-06-11T13:22:06Z;DO
  125,40;  125,45;0,05;  0,05;  1;GGALJun20;2020-06-11T13:22:06Z;GGAL
 1736,00; 1755,00;0,10; 19,00;190;OROJul20;2020-06-11T13:22:06Z;ORO
61370,00;61470,00;5,00;100,00; 20;RFX20Jun20;2020-06-11T13:22:06Z;RFX20
   37,20;   37,40;0,01;  0,20; 20;WTIJul20;2020-06-11T13:22:06Z;WTI
   70,10;   70,50;0,01;  0,40; 40;DOJun20A;2020-06-11T13:22:12Z;DO
  125,30;  125,45;0,05;  0,15;  3;GGALJun20;2020-06-11T13:22:12Z;GGAL
 1736,00; 1755,00;0,10; 19,00;190;OROJul20;2020-06-11T13:22:12Z;ORO
61375,00;61445,00;5,00; 70,00; 14;RFX20Jun20;2020-06-11T13:22:12Z;RFX20
   37,20;   37,39;0,01;  0,19; 19;WTIJul20;2020-06-11T13:22:12Z;WTI
   70,10;   70,50;0,01;  0,40; 40;DOJun20A;2020-06-11T13:22:19Z;DO
  125,30;  125,45;0,05;  0,15;  3;GGALJun20;2020-06-11T13:22:19Z;GGAL
 1736,00; 1755,00;0,10; 19,00;190;OROJul20;2020-06-11T13:22:19Z;ORO
61375,00;61445,00;5,00; 70,00; 14;RFX20Jun20;2020-06-11T13:22:19Z;RFX20
   37,20;   37,37;0,01;  0,17; 17;WTIJul20;2020-06-11T13:22:19Z;WTI
   70,10;   70,50;0,01;  0,40; 40;DOJun20A;2020-06-11T13:22:25Z;DO
  125,30;  125,45;0,05;  0,15;  3;GGALJun20;2020-06-11T13:22:25Z;GGAL
 1736,00; 1755,00;0,10; 19,00;190;OROJul20;2020-06-11T13:22:25Z;ORO
61375,00;61445,00;5,00; 70,00; 14;RFX20Jun20;2020-06-11T13:22:25Z;RFX20
   37,20;   37,37;0,01;  0,17; 17;WTIJul20;2020-06-11T13:22:25Z;WTI
   70,10;   70,50;0,01;  0,40; 40;DOJun20A;2020-06-11T13:22:32Z;DO
  125,30;  125,40;0,05;  0,10;  2;GGALJun20;2020-06-11T13:22:32Z;GGAL
 1736,00; 1755,00;0,10; 19,00;190;OROJul20;2020-06-11T13:22:32Z;ORO
61375,00;61445,00;5,00; 70,00; 14;RFX20Jun20;2020-06-11T13:22:32Z;RFX20
   37,21;   37,37;0,01;  0,16; 16;WTIJul20;2020-06-11T13:22:32Z;WTI
   70,10;   70,50;0,01;  0,40; 40;DOJun20A;2020-06-11T13:22:39Z;DO
  125,30;  125,40;0,05;  0,10;  2;GGALJun20;2020-06-11T13:22:39Z;GGAL
 1736,00; 1755,00;0,10; 19,00;190;OROJul20;2020-06-11T13:22:39Z;ORO
61375,00;61440,00;5,00; 65,00; 13;RFX20Jun20;2020-06-11T13:22:39Z;RFX20
   37,21;   37,30;0,01;  0,09;  9;WTIJul20;2020-06-11T13:22:39Z;WTI
   70,10;   70,50;0,01;  0,40; 40;DOJun20A;2020-06-11T13:22:45Z;DO
  125,30;  125,40;0,05;  0,10;  2;GGALJun20;2020-06-11T13:22:45Z;GGAL
 1736,00; 1755,00;0,10; 19,00;190;OROJul20;2020-06-11T13:22:45Z;ORO
61375,00;61435,00;5,00; 60,00; 12;RFX20Jun20;2020-06-11T13:22:45Z;RFX20
   37,21;   37,30;0,01;  0,09;  9;WTIJul20;2020-06-11T13:22:45Z;WTI
   70,10;   70,50;0,01;  0,40; 40;DOJun20A;2020-06-11T13:22:51Z;DO
  125,30;  125,40;0,05;  0,10;  2;GGALJun20;2020-06-11T13:22:51Z;GGAL
 1736,00; 1755,00;0,10; 19,00;190;OROJul20;2020-06-11T13:22:51Z;ORO
61360,00;61435,00;5,00; 75,00; 15;RFX20Jun20;2020-06-11T13:22:51Z;RFX20
   37,21;   37,30;0,01;  0,09;  9;WTIJul20;2020-06-11T13:22:51Z;WTI
   70,10;   70,50;0,01;  0,40; 40;DOJun20A;2020-06-11T13:22:58Z;DO
  125,30;  125,40;0,05;  0,10;  2;GGALJun20;2020-06-11T13:22:58Z;GGAL
 1736,00; 1755,00;0,10; 19,00;190;OROJul20;2020-06-11T13:22:58Z;ORO
61360,00;61400,00;5,00; 40,00;  8;RFX20Jun20;2020-06-11T13:22:58Z;RFX20
   37,21;   37,36;0,01;  0,15; 15;WTIJul20;2020-06-11T13:22:58Z;WTI
   70,10;   70,50;0,01;  0,40; 40;DOJun20A;2020-06-11T13:23:04Z;DO
  125,30;  125,40;0,05;  0,10;  2;GGALJun20;2020-06-11T13:23:04Z;GGAL
 1736,00; 1755,00;0,10; 19,00;190;OROJul20;2020-06-11T13:23:04Z;ORO
61360,00;61395,00;5,00; 35,00;  7;RFX20Jun20;2020-06-11T13:23:04Z;RFX20
   37,21;   37,36;0,01;  0,15; 15;WTIJul20;2020-06-11T13:23:04Z;WTI
   70,10;   70,50;0,01;  0,40; 40;DOJun20A;2020-06-11T13:23:11Z;DO
  125,30;  125,40;0,05;  0,10;  2;GGALJun20;2020-06-11T13:23:11Z;GGAL
 1736,00; 1755,00;0,10; 19,00;190;OROJul20;2020-06-11T13:23:11Z;ORO
61300,00;61400,00;5,00;100,00; 20;RFX20Jun20;2020-06-11T13:23:11Z;RFX20
   37,21;   37,35;0,01;  0,14; 14;WTIJul20;2020-06-11T13:23:11Z;WTI
   70,10;   70,50;0,01;  0,40; 40;DOJun20A;2020-06-11T13:23:17Z;DO
  125,30;  125,40;0,05;  0,10;  2;GGALJun20;2020-06-11T13:23:17Z;GGAL
 1736,00; 1755,00;0,10; 19,00;190;OROJul20;2020-06-11T13:23:17Z;ORO
61300,00;61400,00;5,00;100,00; 20;RFX20Jun20;2020-06-11T13:23:17Z;RFX20
   37,22;   37,35;0,01;  0,13; 13;WTIJul20;2020-06-11T13:23:17Z;WTI
   70,10;   70,50;0,01;  0,40; 40;DOJun20A;2020-06-11T13:23:24Z;DO
  125,30;  125,40;0,05;  0,10;  2;GGALJun20;2020-06-11T13:23:24Z;GGAL
 1736,00; 1755,00;0,10; 19,00;190;OROJul20;2020-06-11T13:23:24Z;ORO
61300,00;61400,00;5,00;100,00; 20;RFX20Jun20;2020-06-11T13:23:24Z;RFX20
   37,22;   37,35;0,01;  0,13; 13;WTIJul20;2020-06-11T13:23:24Z;WTI
   70,10;   70,50;0,01;  0,40; 40;DOJun20A;2020-06-11T13:23:30Z;DO
  125,30;  125,40;0,05;  0,10;  2;GGALJun20;2020-06-11T13:23:30Z;GGAL
 1736,00; 1755,00;0,10; 19,00;190;OROJul20;2020-06-11T13:23:30Z;ORO
61300,00;61395,00;5,00; 95,00; 19;RFX20Jun20;2020-06-11T13:23:30Z;RFX20
   37,22;   37,35;0,01;  0,13; 13;WTIJul20;2020-06-11T13:23:30Z;WTI
   70,10;   70,50;0,01;  0,40; 40;DOJun20A;2020-06-11T13:23:37Z;DO
  125,30;  125,40;0,05;  0,10;  2;GGALJun20;2020-06-11T13:23:37Z;GGAL
 1736,00; 1755,00;0,10; 19,00;190;OROJul20;2020-06-11T13:23:37Z;ORO
61300,00;61395,00;5,00; 95,00; 19;RFX20Jun20;2020-06-11T13:23:37Z;RFX20
   37,22;   37,48;0,01;  0,26; 26;WTIJul20;2020-06-11T13:23:37Z;WTI
   70,10;   70,50;0,01;  0,40; 40;DOJun20A;2020-06-11T13:23:43Z;DO
  125,30;  125,40;0,05;  0,10;  2;GGALJun20;2020-06-11T13:23:43Z;GGAL
 1736,00; 1750,00;0,10; 14,00;140;OROJul20;2020-06-11T13:23:43Z;ORO
61300,00;61395,00;5,00; 95,00; 19;RFX20Jun20;2020-06-11T13:23:43Z;RFX20
   37,23;   37,48;0,01;  0,25; 25;WTIJul20;2020-06-11T13:23:43Z;WTI
   70,10;   70,50;0,01;  0,40; 40;DOJun20A;2020-06-11T13:23:50Z;DO
  125,30;  125,40;0,05;  0,10;  2;GGALJun20;2020-06-11T13:23:50Z;GGAL
 1736,00; 1750,00;0,10; 14,00;140;OROJul20;2020-06-11T13:23:50Z;ORO
61300,00;61395,00;5,00; 95,00; 19;RFX20Jun20;2020-06-11T13:23:50Z;RFX20
   37,23;   37,45;0,01;  0,22; 22;WTIJul20;2020-06-11T13:23:50Z;WTI
   70,10;   70,50;0,01;  0,40; 40;DOJun20A;2020-06-11T13:23:56Z;DO
  125,30;  125,40;0,05;  0,10;  2;GGALJun20;2020-06-11T13:23:56Z;GGAL
 1736,00; 1750,00;0,10; 14,00;140;OROJul20;2020-06-11T13:23:56Z;ORO
61300,00;61395,00;5,00; 95,00; 19;RFX20Jun20;2020-06-11T13:23:56Z;RFX20
   37,23;   37,40;0,01;  0,17; 17;WTIJul20;2020-06-11T13:23:56Z;WTI
   70,10;   70,50;0,01;  0,40; 40;DOJun20A;2020-06-11T13:24:03Z;DO
  125,30;  125,40;0,05;  0,10;  2;GGALJun20;2020-06-11T13:24:03Z;GGAL
 1736,00; 1750,00;0,10; 14,00;140;OROJul20;2020-06-11T13:24:03Z;ORO
61300,00;61395,00;5,00; 95,00; 19;RFX20Jun20;2020-06-11T13:24:03Z;RFX20
   37,23;   37,40;0,01;  0,17; 17;WTIJul20;2020-06-11T13:24:03Z;WTI
   70,10;   70,50;0,01;  0,40; 40;DOJun20A;2020-06-11T13:24:10Z;DO
  125,05;  125,40;0,05;  0,35;  7;GGALJun20;2020-06-11T13:24:10Z;GGAL
 1736,00; 1750,00;0,10; 14,00;140;OROJul20;2020-06-11T13:24:10Z;ORO
61300,00;61390,00;5,00; 90,00; 18;RFX20Jun20;2020-06-11T13:24:10Z;RFX20
   37,23;   37,40;0,01;  0,17; 17;WTIJul20;2020-06-11T13:24:10Z;WTI
   70,10;   70,50;0,01;  0,40; 40;DOJun20A;2020-06-11T13:24:16Z;DO
  125,05;  125,40;0,05;  0,35;  7;GGALJun20;2020-06-11T13:24:16Z;GGAL
 1736,00; 1750,00;0,10; 14,00;140;OROJul20;2020-06-11T13:24:16Z;ORO
61300,00;61390,00;5,00; 90,00; 18;RFX20Jun20;2020-06-11T13:24:16Z;RFX20
   37,24;   37,40;0,01;  0,16; 16;WTIJul20;2020-06-11T13:24:16Z;WTI
   70,10;   70,50;0,01;  0,40; 40;DOJun20A;2020-06-11T13:24:23Z;DO
  125,05;  125,40;0,05;  0,35;  7;GGALJun20;2020-06-11T13:24:23Z;GGAL
 1736,00; 1750,00;0,10; 14,00;140;OROJul20;2020-06-11T13:24:23Z;ORO
61300,00;61390,00;5,00; 90,00; 18;RFX20Jun20;2020-06-11T13:24:23Z;RFX20
   37,30;   37,40;0,01;  0,10; 10;WTIJul20;2020-06-11T13:24:23Z;WTI
   70,10;   70,50;0,01;  0,40; 40;DOJun20A;2020-06-11T13:24:30Z;DO
  125,05;  125,40;0,05;  0,35;  7;GGALJun20;2020-06-11T13:24:30Z;GGAL
 1736,00; 1750,00;0,10; 14,00;140;OROJul20;2020-06-11T13:24:30Z;ORO
61300,00;61385,00;5,00; 85,00; 17;RFX20Jun20;2020-06-11T13:24:30Z;RFX20
   37,30;   37,40;0,01;  0,10; 10;WTIJul20;2020-06-11T13:24:30Z;WTI
   70,10;   70,50;0,01;  0,40; 40;DOJun20A;2020-06-11T13:24:37Z;DO
  125,05;  125,40;0,05;  0,35;  7;GGALJun20;2020-06-11T13:24:37Z;GGAL
 1736,00; 1750,00;0,10; 14,00;140;OROJul20;2020-06-11T13:24:37Z;ORO
61300,00;61385,00;5,00; 85,00; 17;RFX20Jun20;2020-06-11T13:24:37Z;RFX20
   37,30;   37,40;0,01;  0,10; 10;WTIJul20;2020-06-11T13:24:37Z;WTI
   70,10;   70,50;0,01;  0,40; 40;DOJun20A;2020-06-11T13:24:44Z;DO
  125,05;  125,40;0,05;  0,35;  7;GGALJun20;2020-06-11T13:24:44Z;GGAL
 1736,00; 1750,00;0,10; 14,00;140;OROJul20;2020-06-11T13:24:44Z;ORO
61300,00;61385,00;5,00; 85,00; 17;RFX20Jun20;2020-06-11T13:24:44Z;RFX20
   37,30;   37,39;0,01;  0,09;  9;WTIJul20;2020-06-11T13:24:44Z;WTI
   70,10;   70,50;0,01;  0,40; 40;DOJun20A;2020-06-11T13:24:50Z;DO
  125,05;  125,40;0,05;  0,35;  7;GGALJun20;2020-06-11T13:24:50Z;GGAL
 1736,00; 1750,00;0,10; 14,00;140;OROJul20;2020-06-11T13:24:50Z;ORO
61300,00;61370,00;5,00; 70,00; 14;RFX20Jun20;2020-06-11T13:24:50Z;RFX20
   37,30;   37,39;0,01;  0,09;  9;WTIJul20;2020-06-11T13:24:50Z;WTI
   70,10;   70,50;0,01;  0,40; 40;DOJun20A;2020-06-11T13:24:57Z;DO
  125,05;  125,40;0,05;  0,35;  7;GGALJun20;2020-06-11T13:24:57Z;GGAL
 1736,00; 1750,00;0,10; 14,00;140;OROJul20;2020-06-11T13:24:57Z;ORO
61300,00;61370,00;5,00; 70,00; 14;RFX20Jun20;2020-06-11T13:24:57Z;RFX20
   37,30;   37,39;0,01;  0,09;  9;WTIJul20;2020-06-11T13:24:57Z;WTI
   70,10;   70,50;0,01;  0,40; 40;DOJun20A;2020-06-11T13:25:04Z;DO
  125,05;  125,40;0,05;  0,35;  7;GGALJun20;2020-06-11T13:25:04Z;GGAL
 1736,00; 1750,00;0,10; 14,00;140;OROJul20;2020-06-11T13:25:04Z;ORO
61300,00;61345,00;5,00; 45,00;  9;RFX20Jun20;2020-06-11T13:25:04Z;RFX20
   37,30;   37,39;0,01;  0,09;  9;WTIJul20;2020-06-11T13:25:04Z;WTI
   70,10;   70,50;0,01;  0,40; 40;DOJun20A;2020-06-11T13:25:11Z;DO
  125,05;  125,40;0,05;  0,35;  7;GGALJun20;2020-06-11T13:25:11Z;GGAL
 1736,00; 1750,00;0,10; 14,00;140;OROJul20;2020-06-11T13:25:11Z;ORO
61280,00;61350,00;5,00; 70,00; 14;RFX20Jun20;2020-06-11T13:25:11Z;RFX20
   37,30;   37,39;0,01;  0,09;  9;WTIJul20;2020-06-11T13:25:11Z;WTI
   70,15;   70,50;0,01;  0,35; 35;DOJun20A;2020-06-11T13:25:18Z;DO
  125,05;  125,40;0,05;  0,35;  7;GGALJun20;2020-06-11T13:25:18Z;GGAL
 1736,00; 1750,00;0,10; 14,00;140;OROJul20;2020-06-11T13:25:18Z;ORO
61280,00;61350,00;5,00; 70,00; 14;RFX20Jun20;2020-06-11T13:25:18Z;RFX20
   37,30;   37,39;0,01;  0,09;  9;WTIJul20;2020-06-11T13:25:18Z;WTI
   70,15;   70,50;0,01;  0,35; 35;DOJun20A;2020-06-11T13:25:24Z;DO
  125,05;  125,40;0,05;  0,35;  7;GGALJun20;2020-06-11T13:25:24Z;GGAL
 1736,00; 1750,00;0,10; 14,00;140;OROJul20;2020-06-11T13:25:24Z;ORO
61280,00;61350,00;5,00; 70,00; 14;RFX20Jun20;2020-06-11T13:25:24Z;RFX20
   37,30;   37,39;0,01;  0,09;  9;WTIJul20;2020-06-11T13:25:24Z;WTI
   70,15;   70,50;0,01;  0,35; 35;DOJun20A;2020-06-11T13:25:31Z;DO
  125,05;  125,40;0,05;  0,35;  7;GGALJun20;2020-06-11T13:25:31Z;GGAL
 1736,00; 1750,00;0,10; 14,00;140;OROJul20;2020-06-11T13:25:31Z;ORO
61275,00;61350,00;5,00; 75,00; 15;RFX20Jun20;2020-06-11T13:25:31Z;RFX20
   37,30;   37,40;0,01;  0,10; 10;WTIJul20;2020-06-11T13:25:31Z;WTI
   70,15;   70,50;0,01;  0,35; 35;DOJun20A;2020-06-11T13:25:38Z;DO
  125,05;  125,40;0,05;  0,35;  7;GGALJun20;2020-06-11T13:25:38Z;GGAL
 1736,00; 1750,00;0,10; 14,00;140;OROJul20;2020-06-11T13:25:38Z;ORO
61250,00;61350,00;5,00;100,00; 20;RFX20Jun20;2020-06-11T13:25:38Z;RFX20
   37,24;   37,40;0,01;  0,16; 16;WTIJul20;2020-06-11T13:25:38Z;WTI
   70,15;   70,50;0,01;  0,35; 35;DOJun20A;2020-06-11T13:25:45Z;DO
  125,05;  125,40;0,05;  0,35;  7;GGALJun20;2020-06-11T13:25:45Z;GGAL
 1736,00; 1750,00;0,10; 14,00;140;OROJul20;2020-06-11T13:25:45Z;ORO
61255,00;61350,00;5,00; 95,00; 19;RFX20Jun20;2020-06-11T13:25:45Z;RFX20
   37,24;   37,35;0,01;  0,11; 11;WTIJul20;2020-06-11T13:25:45Z;WTI
   70,15;   70,50;0,01;  0,35; 35;DOJun20A;2020-06-11T13:25:51Z;DO
  125,05;  125,40;0,05;  0,35;  7;GGALJun20;2020-06-11T13:25:51Z;GGAL
 1736,00; 1750,00;0,10; 14,00;140;OROJul20;2020-06-11T13:25:51Z;ORO
61255,00;61350,00;5,00; 95,00; 19;RFX20Jun20;2020-06-11T13:25:51Z;RFX20
   37,24;   37,35;0,01;  0,11; 11;WTIJul20;2020-06-11T13:25:51Z;WTI
   70,15;   70,50;0,01;  0,35; 35;DOJun20A;2020-06-11T13:25:58Z;DO
  125,05;  125,40;0,05;  0,35;  7;GGALJun20;2020-06-11T13:25:58Z;GGAL
 1736,00; 1750,00;0,10; 14,00;140;OROJul20;2020-06-11T13:25:58Z;ORO
61255,00;61345,00;5,00; 90,00; 18;RFX20Jun20;2020-06-11T13:25:58Z;RFX20
   37,24;   37,35;0,01;  0,11; 11;WTIJul20;2020-06-11T13:25:58Z;WTI
   70,15;   70,50;0,01;  0,35; 35;DOJun20A;2020-06-11T13:26:05Z;DO
  125,05;  125,40;0,05;  0,35;  7;GGALJun20;2020-06-11T13:26:05Z;GGAL
 1736,00; 1750,00;0,10; 14,00;140;OROJul20;2020-06-11T13:26:05Z;ORO
61255,00;61275,00;5,00; 20,00;  4;RFX20Jun20;2020-06-11T13:26:05Z;RFX20
   37,24;   37,35;0,01;  0,11; 11;WTIJul20;2020-06-11T13:26:05Z;WTI
   70,15;   70,50;0,01;  0,35; 35;DOJun20A;2020-06-11T13:26:12Z;DO
  125,05;  125,40;0,05;  0,35;  7;GGALJun20;2020-06-11T13:26:12Z;GGAL
 1736,00; 1750,00;0,10; 14,00;140;OROJul20;2020-06-11T13:26:12Z;ORO
61255,00;61350,00;5,00; 95,00; 19;RFX20Jun20;2020-06-11T13:26:12Z;RFX20
   37,24;   37,30;0,01;  0,06;  6;WTIJul20;2020-06-11T13:26:12Z;WTI
   70,15;   70,50;0,01;  0,35; 35;DOJun20A;2020-06-11T13:26:18Z;DO
  125,05;  125,40;0,05;  0,35;  7;GGALJun20;2020-06-11T13:26:18Z;GGAL
 1733,00; 1750,00;0,10; 17,00;170;OROJul20;2020-06-11T13:26:18Z;ORO
61255,00;61345,00;5,00; 90,00; 18;RFX20Jun20;2020-06-11T13:26:18Z;RFX20
   37,24;   37,30;0,01;  0,06;  6;WTIJul20;2020-06-11T13:26:18Z;WTI
   70,15;   70,50;0,01;  0,35; 35;DOJun20A;2020-06-11T13:26:25Z;DO
  125,05;  125,40;0,05;  0,35;  7;GGALJun20;2020-06-11T13:26:25Z;GGAL
 1733,00; 1750,00;0,10; 17,00;170;OROJul20;2020-06-11T13:26:25Z;ORO
61275,00;61340,00;5,00; 65,00; 13;RFX20Jun20;2020-06-11T13:26:25Z;RFX20
   37,24;   37,30;0,01;  0,06;  6;WTIJul20;2020-06-11T13:26:25Z;WTI
   70,15;   70,50;0,01;  0,35; 35;DOJun20A;2020-06-11T13:26:32Z;DO
  125,05;  125,35;0,05;  0,30;  6;GGALJun20;2020-06-11T13:26:32Z;GGAL
 1733,00; 1750,00;0,10; 17,00;170;OROJul20;2020-06-11T13:26:32Z;ORO
61275,00;61340,00;5,00; 65,00; 13;RFX20Jun20;2020-06-11T13:26:32Z;RFX20
   37,24;   37,30;0,01;  0,06;  6;WTIJul20;2020-06-11T13:26:32Z;WTI
   70,15;   70,50;0,01;  0,35; 35;DOJun20A;2020-06-11T13:26:39Z;DO
  125,05;  125,35;0,05;  0,30;  6;GGALJun20;2020-06-11T13:26:39Z;GGAL
 1740,00; 1750,00;0,10; 10,00;100;OROJul20;2020-06-11T13:26:39Z;ORO
61275,00;61340,00;5,00; 65,00; 13;RFX20Jun20;2020-06-11T13:26:39Z;RFX20
   37,24;   37,30;0,01;  0,06;  6;WTIJul20;2020-06-11T13:26:39Z;WTI
   70,15;   70,49;0,01;  0,34; 34;DOJun20A;2020-06-11T13:26:45Z;DO
  125,05;  125,35;0,05;  0,30;  6;GGALJun20;2020-06-11T13:26:45Z;GGAL
 1740,00; 1750,00;0,10; 10,00;100;OROJul20;2020-06-11T13:26:45Z;ORO
61275,00;61340,00;5,00; 65,00; 13;RFX20Jun20;2020-06-11T13:26:45Z;RFX20
   37,24;   37,30;0,01;  0,06;  6;WTIJul20;2020-06-11T13:26:45Z;WTI
   70,15;   70,49;0,01;  0,34; 34;DOJun20A;2020-06-11T13:26:52Z;DO
  125,05;  125,35;0,05;  0,30;  6;GGALJun20;2020-06-11T13:26:52Z;GGAL
 1740,00; 1750,00;0,10; 10,00;100;OROJul20;2020-06-11T13:26:52Z;ORO
61280,00;61340,00;5,00; 60,00; 12;RFX20Jun20;2020-06-11T13:26:52Z;RFX20
   37,24;   37,30;0,01;  0,06;  6;WTIJul20;2020-06-11T13:26:52Z;WTI
   70,15;   70,49;0,01;  0,34; 34;DOJun20A;2020-06-11T13:26:58Z;DO
  125,30;  125,35;0,05;  0,05;  1;GGALJun20;2020-06-11T13:26:58Z;GGAL
 1740,00; 1750,00;0,10; 10,00;100;OROJul20;2020-06-11T13:26:58Z;ORO
61280,00;61340,00;5,00; 60,00; 12;RFX20Jun20;2020-06-11T13:26:58Z;RFX20
   37,24;   37,30;0,01;  0,06;  6;WTIJul20;2020-06-11T13:26:58Z;WTI
   70,15;   70,49;0,01;  0,34; 34;DOJun20A;2020-06-11T13:27:05Z;DO
  125,35;  125,40;0,05;  0,05;  1;GGALJun20;2020-06-11T13:27:05Z;GGAL
 1740,00; 1750,00;0,10; 10,00;100;OROJul20;2020-06-11T13:27:05Z;ORO
61275,00;61330,00;5,00; 55,00; 11;RFX20Jun20;2020-06-11T13:27:05Z;RFX20
   37,24;   37,30;0,01;  0,06;  6;WTIJul20;2020-06-11T13:27:05Z;WTI
   70,15;   70,49;0,01;  0,34; 34;DOJun20A;2020-06-11T13:27:11Z;DO
  125,35;  125,40;0,05;  0,05;  1;GGALJun20;2020-06-11T13:27:11Z;GGAL
 1740,00; 1750,00;0,10; 10,00;100;OROJul20;2020-06-11T13:27:11Z;ORO
61275,00;61330,00;5,00; 55,00; 11;RFX20Jun20;2020-06-11T13:27:11Z;RFX20
   37,23;   37,30;0,01;  0,07;  7;WTIJul20;2020-06-11T13:27:11Z;WTI
   70,15;   70,49;0,01;  0,34; 34;DOJun20A;2020-06-11T13:27:18Z;DO
  125,35;  125,40;0,05;  0,05;  1;GGALJun20;2020-06-11T13:27:18Z;GGAL
 1740,00; 1750,00;0,10; 10,00;100;OROJul20;2020-06-11T13:27:18Z;ORO
61280,00;61325,00;5,00; 45,00;  9;RFX20Jun20;2020-06-11T13:27:18Z;RFX20
   37,23;   37,30;0,01;  0,07;  7;WTIJul20;2020-06-11T13:27:18Z;WTI
   70,15;   70,49;0,01;  0,34; 34;DOJun20A;2020-06-11T13:27:24Z;DO
  125,30;  125,40;0,05;  0,10;  2;GGALJun20;2020-06-11T13:27:24Z;GGAL
 1740,00; 1750,00;0,10; 10,00;100;OROJul20;2020-06-11T13:27:24Z;ORO
61300,00;61325,00;5,00; 25,00;  5;RFX20Jun20;2020-06-11T13:27:24Z;RFX20
   37,12;   37,30;0,01;  0,18; 18;WTIJul20;2020-06-11T13:27:24Z;WTI
   70,15;   70,49;0,01;  0,34; 34;DOJun20A;2020-06-11T13:27:31Z;DO
  125,05;  125,35;0,05;  0,30;  6;GGALJun20;2020-06-11T13:27:31Z;GGAL
 1740,00; 1750,00;0,10; 10,00;100;OROJul20;2020-06-11T13:27:31Z;ORO
61300,00;61330,00;5,00; 30,00;  6;RFX20Jun20;2020-06-11T13:27:31Z;RFX20
   37,23;   37,30;0,01;  0,07;  7;WTIJul20;2020-06-11T13:27:31Z;WTI
   70,15;   70,49;0,01;  0,34; 34;DOJun20A;2020-06-11T13:27:38Z;DO
  125,05;  125,35;0,05;  0,30;  6;GGALJun20;2020-06-11T13:27:38Z;GGAL
 1740,00; 1750,00;0,10; 10,00;100;OROJul20;2020-06-11T13:27:38Z;ORO
61300,00;61340,00;5,00; 40,00;  8;RFX20Jun20;2020-06-11T13:27:38Z;RFX20
   37,23;   37,30;0,01;  0,07;  7;WTIJul20;2020-06-11T13:27:38Z;WTI
   70,15;   70,49;0,01;  0,34; 34;DOJun20A;2020-06-11T13:27:44Z;DO
  125,05;  125,40;0,05;  0,35;  7;GGALJun20;2020-06-11T13:27:44Z;GGAL
 1740,00; 1750,00;0,10; 10,00;100;OROJul20;2020-06-11T13:27:44Z;ORO
61280,00;61340,00;5,00; 60,00; 12;RFX20Jun20;2020-06-11T13:27:44Z;RFX20
   37,23;   37,30;0,01;  0,07;  7;WTIJul20;2020-06-11T13:27:44Z;WTI
   70,15;   70,49;0,01;  0,34; 34;DOJun20A;2020-06-11T13:27:51Z;DO
  125,00;  125,40;0,05;  0,40;  8;GGALJun20;2020-06-11T13:27:51Z;GGAL
 1740,00; 1750,00;0,10; 10,00;100;OROJul20;2020-06-11T13:27:51Z;ORO
61280,00;61335,00;5,00; 55,00; 11;RFX20Jun20;2020-06-11T13:27:51Z;RFX20
   37,23;   37,30;0,01;  0,07;  7;WTIJul20;2020-06-11T13:27:51Z;WTI
   70,15;   70,49;0,01;  0,34; 34;DOJun20A;2020-06-11T13:27:57Z;DO
  125,00;  125,40;0,05;  0,40;  8;GGALJun20;2020-06-11T13:27:57Z;GGAL
 1740,00; 1750,00;0,10; 10,00;100;OROJul20;2020-06-11T13:27:57Z;ORO
61275,00;61300,00;5,00; 25,00;  5;RFX20Jun20;2020-06-11T13:27:57Z;RFX20
   37,23;   37,30;0,01;  0,07;  7;WTIJul20;2020-06-11T13:27:57Z;WTI
   70,15;   70,49;0,01;  0,34; 34;DOJun20A;2020-06-11T13:28:04Z;DO
  125,00;  125,40;0,05;  0,40;  8;GGALJun20;2020-06-11T13:28:04Z;GGAL
 1740,00; 1750,00;0,10; 10,00;100;OROJul20;2020-06-11T13:28:04Z;ORO
61275,00;61300,00;5,00; 25,00;  5;RFX20Jun20;2020-06-11T13:28:04Z;RFX20
   37,13;   37,30;0,01;  0,17; 17;WTIJul20;2020-06-11T13:28:04Z;WTI
   70,15;   70,49;0,01;  0,34; 34;DOJun20A;2020-06-11T13:28:10Z;DO
  125,00;  125,40;0,05;  0,40;  8;GGALJun20;2020-06-11T13:28:10Z;GGAL
 1740,00; 1750,00;0,10; 10,00;100;OROJul20;2020-06-11T13:28:10Z;ORO
61250,00;61275,00;5,00; 25,00;  5;RFX20Jun20;2020-06-11T13:28:10Z;RFX20
   37,13;   37,30;0,01;  0,17; 17;WTIJul20;2020-06-11T13:28:10Z;WTI
   70,15;   70,49;0,01;  0,34; 34;DOJun20A;2020-06-11T13:28:17Z;DO
  125,00;  125,40;0,05;  0,40;  8;GGALJun20;2020-06-11T13:28:17Z;GGAL
 1740,00; 1750,00;0,10; 10,00;100;OROJul20;2020-06-11T13:28:17Z;ORO
61250,00;61275,00;5,00; 25,00;  5;RFX20Jun20;2020-06-11T13:28:17Z;RFX20
   37,13;   37,30;0,01;  0,17; 17;WTIJul20;2020-06-11T13:28:17Z;WTI
   70,15;   70,49;0,01;  0,34; 34;DOJun20A;2020-06-11T13:28:24Z;DO
  125,00;  125,40;0,05;  0,40;  8;GGALJun20;2020-06-11T13:28:24Z;GGAL
 1740,00; 1750,00;0,10; 10,00;100;OROJul20;2020-06-11T13:28:24Z;ORO
61205,00;61245,00;5,00; 40,00;  8;RFX20Jun20;2020-06-11T13:28:24Z;RFX20
   37,13;   37,30;0,01;  0,17; 17;WTIJul20;2020-06-11T13:28:24Z;WTI
   70,15;   70,49;0,01;  0,34; 34;DOJun20A;2020-06-11T13:28:31Z;DO
  125,00;  125,40;0,05;  0,40;  8;GGALJun20;2020-06-11T13:28:31Z;GGAL
 1740,00; 1750,00;0,10; 10,00;100;OROJul20;2020-06-11T13:28:31Z;ORO
61205,00;61245,00;5,00; 40,00;  8;RFX20Jun20;2020-06-11T13:28:31Z;RFX20
   37,12;   37,30;0,01;  0,18; 18;WTIJul20;2020-06-11T13:28:31Z;WTI
   70,15;   70,49;0,01;  0,34; 34;DOJun20A;2020-06-11T13:28:37Z;DO
  125,00;  125,40;0,05;  0,40;  8;GGALJun20;2020-06-11T13:28:37Z;GGAL
 1740,00; 1750,00;0,10; 10,00;100;OROJul20;2020-06-11T13:28:37Z;ORO
61180,00;61245,00;5,00; 65,00; 13;RFX20Jun20;2020-06-11T13:28:37Z;RFX20
   37,14;   37,30;0,01;  0,16; 16;WTIJul20;2020-06-11T13:28:37Z;WTI
   70,15;   70,49;0,01;  0,34; 34;DOJun20A;2020-06-11T13:28:44Z;DO
  125,00;  125,40;0,05;  0,40;  8;GGALJun20;2020-06-11T13:28:44Z;GGAL
 1740,00; 1750,00;0,10; 10,00;100;OROJul20;2020-06-11T13:28:44Z;ORO
61180,00;61245,00;5,00; 65,00; 13;RFX20Jun20;2020-06-11T13:28:44Z;RFX20
   37,14;   37,30;0,01;  0,16; 16;WTIJul20;2020-06-11T13:28:44Z;WTI
   70,15;   70,49;0,01;  0,34; 34;DOJun20A;2020-06-11T13:28:50Z;DO
  125,00;  125,40;0,05;  0,40;  8;GGALJun20;2020-06-11T13:28:50Z;GGAL
 1740,00; 1750,00;0,10; 10,00;100;OROJul20;2020-06-11T13:28:50Z;ORO
61175,00;61245,00;5,00; 70,00; 14;RFX20Jun20;2020-06-11T13:28:50Z;RFX20
   37,14;   37,30;0,01;  0,16; 16;WTIJul20;2020-06-11T13:28:50Z;WTI
   70,15;   70,49;0,01;  0,34; 34;DOJun20A;2020-06-11T13:28:57Z;DO
  125,00;  125,40;0,05;  0,40;  8;GGALJun20;2020-06-11T13:28:57Z;GGAL
 1740,00; 1750,00;0,10; 10,00;100;OROJul20;2020-06-11T13:28:57Z;ORO
61175,00;61200,00;5,00; 25,00;  5;RFX20Jun20;2020-06-11T13:28:57Z;RFX20
   37,14;   37,30;0,01;  0,16; 16;WTIJul20;2020-06-11T13:28:57Z;WTI
   70,15;   70,49;0,01;  0,34; 34;DOJun20A;2020-06-11T13:29:04Z;DO
  125,00;  125,40;0,05;  0,40;  8;GGALJun20;2020-06-11T13:29:04Z;GGAL
 1740,00; 1750,00;0,10; 10,00;100;OROJul20;2020-06-11T13:29:04Z;ORO
61150,00;61200,00;5,00; 50,00; 10;RFX20Jun20;2020-06-11T13:29:04Z;RFX20
   37,15;   37,30;0,01;  0,15; 15;WTIJul20;2020-06-11T13:29:04Z;WTI
   70,15;   70,49;0,01;  0,34; 34;DOJun20A;2020-06-11T13:29:11Z;DO
  125,00;  125,25;0,05;  0,25;  5;GGALJun20;2020-06-11T13:29:11Z;GGAL
 1740,00; 1750,00;0,10; 10,00;100;OROJul20;2020-06-11T13:29:11Z;ORO
61150,00;61200,00;5,00; 50,00; 10;RFX20Jun20;2020-06-11T13:29:11Z;RFX20
   37,15;   37,30;0,01;  0,15; 15;WTIJul20;2020-06-11T13:29:11Z;WTI
   70,15;   70,49;0,01;  0,34; 34;DOJun20A;2020-06-11T13:29:17Z;DO
  125,00;  125,25;0,05;  0,25;  5;GGALJun20;2020-06-11T13:29:17Z;GGAL
 1740,00; 1750,00;0,10; 10,00;100;OROJul20;2020-06-11T13:29:17Z;ORO
61155,00;61200,00;5,00; 45,00;  9;RFX20Jun20;2020-06-11T13:29:17Z;RFX20
   37,15;   37,30;0,01;  0,15; 15;WTIJul20;2020-06-11T13:29:17Z;WTI
   70,15;   70,49;0,01;  0,34; 34;DOJun20A;2020-06-11T13:29:24Z;DO
  125,00;  125,25;0,05;  0,25;  5;GGALJun20;2020-06-11T13:29:24Z;GGAL
 1740,00; 1750,00;0,10; 10,00;100;OROJul20;2020-06-11T13:29:24Z;ORO
61155,00;61200,00;5,00; 45,00;  9;RFX20Jun20;2020-06-11T13:29:24Z;RFX20
   37,15;   37,30;0,01;  0,15; 15;WTIJul20;2020-06-11T13:29:24Z;WTI
   70,15;   70,49;0,01;  0,34; 34;DOJun20A;2020-06-11T13:29:31Z;DO
  125,00;  125,25;0,05;  0,25;  5;GGALJun20;2020-06-11T13:29:31Z;GGAL
 1740,00; 1750,00;0,10; 10,00;100;OROJul20;2020-06-11T13:29:31Z;ORO
61100,00;61190,00;5,00; 90,00; 18;RFX20Jun20;2020-06-11T13:29:31Z;RFX20
   37,15;   37,29;0,01;  0,14; 14;WTIJul20;2020-06-11T13:29:31Z;WTI
   70,15;   70,40;0,01;  0,25; 25;DOJun20A;2020-06-11T13:29:38Z;DO
  125,30;  125,40;0,05;  0,10;  2;GGALJun20;2020-06-11T13:29:38Z;GGAL
 1740,00; 1750,00;0,10; 10,00;100;OROJul20;2020-06-11T13:29:38Z;ORO
61110,00;61170,00;5,00; 60,00; 12;RFX20Jun20;2020-06-11T13:29:38Z;RFX20
   37,15;   37,29;0,01;  0,14; 14;WTIJul20;2020-06-11T13:29:38Z;WTI
   70,30;   70,40;0,01;  0,10; 10;DOJun20A;2020-06-11T13:29:57Z;DO
  125,00;  125,40;0,05;  0,40;  8;GGALJun20;2020-06-11T13:29:57Z;GGAL
 1740,00; 1750,00;0,10; 10,00;100;OROJul20;2020-06-11T13:29:57Z;ORO
61130,00;61165,00;5,00; 35,00;  7;RFX20Jun20;2020-06-11T13:29:57Z;RFX20
   37,15;   37,29;0,01;  0,14; 14;WTIJul20;2020-06-11T13:29:57Z;WTI
   70,30;   70,40;0,01;  0,10; 10;DOJun20A;2020-06-11T13:30:04Z;DO
  125,00;  125,40;0,05;  0,40;  8;GGALJun20;2020-06-11T13:30:04Z;GGAL
 1740,00; 1750,00;0,10; 10,00;100;OROJul20;2020-06-11T13:30:04Z;ORO
61125,00;61130,00;5,00;  5,00;  1;RFX20Jun20;2020-06-11T13:30:04Z;RFX20
   37,15;   37,29;0,01;  0,14; 14;WTIJul20;2020-06-11T13:30:04Z;WTI
   70,30;   70,40;0,01;  0,10; 10;DOJun20A;2020-06-11T13:30:11Z;DO
  125,00;  125,40;0,05;  0,40;  8;GGALJun20;2020-06-11T13:30:11Z;GGAL
 1740,00; 1750,00;0,10; 10,00;100;OROJul20;2020-06-11T13:30:11Z;ORO
61100,00;61130,00;5,00; 30,00;  6;RFX20Jun20;2020-06-11T13:30:11Z;RFX20
   37,15;   37,29;0,01;  0,14; 14;WTIJul20;2020-06-11T13:30:11Z;WTI
   70,30;   70,40;0,01;  0,10; 10;DOJun20A;2020-06-11T13:30:18Z;DO
  125,00;  125,40;0,05;  0,40;  8;GGALJun20;2020-06-11T13:30:18Z;GGAL
 1740,00; 1750,00;0,10; 10,00;100;OROJul20;2020-06-11T13:30:18Z;ORO
61100,00;61130,00;5,00; 30,00;  6;RFX20Jun20;2020-06-11T13:30:18Z;RFX20
   37,14;   37,29;0,01;  0,15; 15;WTIJul20;2020-06-11T13:30:18Z;WTI
   70,30;   70,40;0,01;  0,10; 10;DOJun20A;2020-06-11T13:30:25Z;DO
  125,00;  125,40;0,05;  0,40;  8;GGALJun20;2020-06-11T13:30:25Z;GGAL
 1740,00; 1750,00;0,10; 10,00;100;OROJul20;2020-06-11T13:30:25Z;ORO
61015,00;61130,00;5,00;115,00; 23;RFX20Jun20;2020-06-11T13:30:25Z;RFX20
   37,14;   37,29;0,01;  0,15; 15;WTIJul20;2020-06-11T13:30:25Z;WTI
   70,30;   70,49;0,01;  0,19; 19;DOJun20A;2020-06-11T13:30:31Z;DO
  124,90;  125,40;0,05;  0,50; 10;GGALJun20;2020-06-11T13:30:31Z;GGAL
 1740,00; 1750,00;0,10; 10,00;100;OROJul20;2020-06-11T13:30:31Z;ORO
61015,00;61080,00;5,00; 65,00; 13;RFX20Jun20;2020-06-11T13:30:31Z;RFX20
   37,14;   37,28;0,01;  0,14; 14;WTIJul20;2020-06-11T13:30:31Z;WTI
   70,30;   70,45;0,01;  0,15; 15;DOJun20A;2020-06-11T13:30:38Z;DO
  124,55;  125,40;0,05;  0,85; 17;GGALJun20;2020-06-11T13:30:38Z;GGAL
 1740,00; 1750,00;0,10; 10,00;100;OROJul20;2020-06-11T13:30:38Z;ORO
61020,00;61075,00;5,00; 55,00; 11;RFX20Jun20;2020-06-11T13:30:38Z;RFX20
   37,14;   37,25;0,01;  0,11; 11;WTIJul20;2020-06-11T13:30:38Z;WTI
   70,30;   70,45;0,01;  0,15; 15;DOJun20A;2020-06-11T13:30:45Z;DO
  124,55;  125,40;0,05;  0,85; 17;GGALJun20;2020-06-11T13:30:45Z;GGAL
 1740,00; 1750,00;0,10; 10,00;100;OROJul20;2020-06-11T13:30:45Z;ORO
61025,00;61075,00;5,00; 50,00; 10;RFX20Jun20;2020-06-11T13:30:45Z;RFX20
   37,14;   37,25;0,01;  0,11; 11;WTIJul20;2020-06-11T13:30:45Z;WTI
   70,30;   70,45;0,01;  0,15; 15;DOJun20A;2020-06-11T13:30:52Z;DO
  124,55;  125,40;0,05;  0,85; 17;GGALJun20;2020-06-11T13:30:52Z;GGAL
 1740,00; 1750,00;0,10; 10,00;100;OROJul20;2020-06-11T13:30:52Z;ORO
61030,00;61075,00;5,00; 45,00;  9;RFX20Jun20;2020-06-11T13:30:52Z;RFX20
   37,12;   37,25;0,01;  0,13; 13;WTIJul20;2020-06-11T13:30:52Z;WTI
   70,25;   70,45;0,01;  0,20; 20;DOJun20A;2020-06-11T13:30:59Z;DO
  124,55;  125,40;0,05;  0,85; 17;GGALJun20;2020-06-11T13:30:59Z;GGAL
 1740,00; 1750,00;0,10; 10,00;100;OROJul20;2020-06-11T13:30:59Z;ORO
61040,00;61185,00;5,00;145,00; 29;RFX20Jun20;2020-06-11T13:30:59Z;RFX20
   37,12;   37,25;0,01;  0,13; 13;WTIJul20;2020-06-11T13:30:59Z;WTI
   70,25;   70,45;0,01;  0,20; 20;DOJun20A;2020-06-11T13:31:05Z;DO
  124,55;  125,40;0,05;  0,85; 17;GGALJun20;2020-06-11T13:31:05Z;GGAL
 1740,00; 1750,00;0,10; 10,00;100;OROJul20;2020-06-11T13:31:05Z;ORO
61055,00;61180,00;5,00;125,00; 25;RFX20Jun20;2020-06-11T13:31:05Z;RFX20
   37,12;   37,24;0,01;  0,12; 12;WTIJul20;2020-06-11T13:31:05Z;WTI
   70,25;   70,40;0,01;  0,15; 15;DOJun20A;2020-06-11T13:31:12Z;DO
  124,55;  125,40;0,05;  0,85; 17;GGALJun20;2020-06-11T13:31:12Z;GGAL
 1740,00; 1750,00;0,10; 10,00;100;OROJul20;2020-06-11T13:31:12Z;ORO
61065,00;61180,00;5,00;115,00; 23;RFX20Jun20;2020-06-11T13:31:12Z;RFX20
   37,12;   37,24;0,01;  0,12; 12;WTIJul20;2020-06-11T13:31:12Z;WTI
   70,25;   70,40;0,01;  0,15; 15;DOJun20A;2020-06-11T13:31:19Z;DO
  124,60;  125,40;0,05;  0,80; 16;GGALJun20;2020-06-11T13:31:19Z;GGAL
 1740,00; 1750,00;0,10; 10,00;100;OROJul20;2020-06-11T13:31:19Z;ORO
61095,00;61160,00;5,00; 65,00; 13;RFX20Jun20;2020-06-11T13:31:19Z;RFX20
   37,12;   37,25;0,01;  0,13; 13;WTIJul20;2020-06-11T13:31:19Z;WTI
   70,25;   70,40;0,01;  0,15; 15;DOJun20A;2020-06-11T13:31:28Z;DO
  124,60;  125,40;0,05;  0,80; 16;GGALJun20;2020-06-11T13:31:28Z;GGAL
 1740,00; 1750,00;0,10; 10,00;100;OROJul20;2020-06-11T13:31:28Z;ORO
61110,00;61175,00;5,00; 65,00; 13;RFX20Jun20;2020-06-11T13:31:28Z;RFX20
   37,10;   37,25;0,01;  0,15; 15;WTIJul20;2020-06-11T13:31:28Z;WTI
   70,25;   70,40;0,01;  0,15; 15;DOJun20A;2020-06-11T13:31:34Z;DO
  124,60;  125,40;0,05;  0,80; 16;GGALJun20;2020-06-11T13:31:34Z;GGAL
 1740,00; 1750,00;0,10; 10,00;100;OROJul20;2020-06-11T13:31:34Z;ORO
61105,00;61155,00;5,00; 50,00; 10;RFX20Jun20;2020-06-11T13:31:34Z;RFX20
   37,11;   37,25;0,01;  0,14; 14;WTIJul20;2020-06-11T13:31:34Z;WTI
   70,25;   70,40;0,01;  0,15; 15;DOJun20A;2020-06-11T13:31:41Z;DO
  124,60;  125,40;0,05;  0,80; 16;GGALJun20;2020-06-11T13:31:41Z;GGAL
 1740,00; 1750,00;0,10; 10,00;100;OROJul20;2020-06-11T13:31:41Z;ORO
61125,00;61190,00;5,00; 65,00; 13;RFX20Jun20;2020-06-11T13:31:41Z;RFX20
   37,11;   37,25;0,01;  0,14; 14;WTIJul20;2020-06-11T13:31:41Z;WTI
   70,25;   70,40;0,01;  0,15; 15;DOJun20A;2020-06-11T13:31:48Z;DO
  125,00;  125,40;0,05;  0,40;  8;GGALJun20;2020-06-11T13:31:48Z;GGAL
 1740,00; 1750,00;0,10; 10,00;100;OROJul20;2020-06-11T13:31:48Z;ORO
61130,00;61245,00;5,00;115,00; 23;RFX20Jun20;2020-06-11T13:31:48Z;RFX20
   37,11;   37,20;0,01;  0,09;  9;WTIJul20;2020-06-11T13:31:48Z;WTI
   70,25;   70,40;0,01;  0,15; 15;DOJun20A;2020-06-11T13:31:55Z;DO
  125,00;  125,30;0,05;  0,30;  6;GGALJun20;2020-06-11T13:31:55Z;GGAL
 1740,00; 1755,00;0,10; 15,00;150;OROJul20;2020-06-11T13:31:55Z;ORO
61135,00;61245,00;5,00;110,00; 22;RFX20Jun20;2020-06-11T13:31:55Z;RFX20
   37,11;   37,20;0,01;  0,09;  9;WTIJul20;2020-06-11T13:31:55Z;WTI
   70,25;   70,40;0,01;  0,15; 15;DOJun20A;2020-06-11T13:32:03Z;DO
  125,00;  125,30;0,05;  0,30;  6;GGALJun20;2020-06-11T13:32:03Z;GGAL
 1740,00; 1755,00;0,10; 15,00;150;OROJul20;2020-06-11T13:32:03Z;ORO
61155,00;61240,00;5,00; 85,00; 17;RFX20Jun20;2020-06-11T13:32:03Z;RFX20
   37,12;   37,20;0,01;  0,08;  8;WTIJul20;2020-06-11T13:32:03Z;WTI
   70,25;   70,40;0,01;  0,15; 15;DOJun20A;2020-06-11T13:32:10Z;DO
  125,00;  125,30;0,05;  0,30;  6;GGALJun20;2020-06-11T13:32:10Z;GGAL
 1740,00; 1755,00;0,10; 15,00;150;OROJul20;2020-06-11T13:32:10Z;ORO
61155,00;61300,00;5,00;145,00; 29;RFX20Jun20;2020-06-11T13:32:10Z;RFX20
   37,12;   37,25;0,01;  0,13; 13;WTIJul20;2020-06-11T13:32:10Z;WTI
   70,25;   70,40;0,01;  0,15; 15;DOJun20A;2020-06-11T13:32:17Z;DO
  125,00;  125,40;0,05;  0,40;  8;GGALJun20;2020-06-11T13:32:17Z;GGAL
 1740,00; 1755,00;0,10; 15,00;150;OROJul20;2020-06-11T13:32:17Z;ORO
61155,00;61300,00;5,00;145,00; 29;RFX20Jun20;2020-06-11T13:32:17Z;RFX20
   37,12;   37,25;0,01;  0,13; 13;WTIJul20;2020-06-11T13:32:17Z;WTI
   70,25;   70,40;0,01;  0,15; 15;DOJun20A;2020-06-11T13:32:24Z;DO
  125,30;  125,40;0,05;  0,10;  2;GGALJun20;2020-06-11T13:32:24Z;GGAL
 1740,00; 1755,00;0,10; 15,00;150;OROJul20;2020-06-11T13:32:24Z;ORO
61205,00;61300,00;5,00; 95,00; 19;RFX20Jun20;2020-06-11T13:32:24Z;RFX20
   37,13;   37,25;0,01;  0,12; 12;WTIJul20;2020-06-11T13:32:24Z;WTI
   70,25;   70,40;0,01;  0,15; 15;DOJun20A;2020-06-11T13:32:31Z;DO
  125,00;  125,45;0,05;  0,45;  9;GGALJun20;2020-06-11T13:32:31Z;GGAL
 1740,00; 1755,00;0,10; 15,00;150;OROJul20;2020-06-11T13:32:31Z;ORO
61300,00;61350,00;5,00; 50,00; 10;RFX20Jun20;2020-06-11T13:32:31Z;RFX20
   37,13;   37,25;0,01;  0,12; 12;WTIJul20;2020-06-11T13:32:31Z;WTI
   70,25;   70,40;0,01;  0,15; 15;DOJun20A;2020-06-11T13:32:38Z;DO
  125,00;  125,40;0,05;  0,40;  8;GGALJun20;2020-06-11T13:32:38Z;GGAL
 1740,00; 1755,00;0,10; 15,00;150;OROJul20;2020-06-11T13:32:38Z;ORO
61220,00;61395,00;5,00;175,00; 35;RFX20Jun20;2020-06-11T13:32:38Z;RFX20
   37,13;   37,25;0,01;  0,12; 12;WTIJul20;2020-06-11T13:32:38Z;WTI
   70,30;   70,40;0,01;  0,10; 10;DOJun20A;2020-06-11T13:32:45Z;DO
  125,00;  125,40;0,05;  0,40;  8;GGALJun20;2020-06-11T13:32:45Z;GGAL
 1740,00; 1755,00;0,10; 15,00;150;OROJul20;2020-06-11T13:32:45Z;ORO
61155,00;61345,00;5,00;190,00; 38;RFX20Jun20;2020-06-11T13:32:45Z;RFX20
   37,13;   37,25;0,01;  0,12; 12;WTIJul20;2020-06-11T13:32:45Z;WTI
   70,30;   70,40;0,01;  0,10; 10;DOJun20A;2020-06-11T13:32:52Z;DO
  125,00;  125,40;0,05;  0,40;  8;GGALJun20;2020-06-11T13:32:52Z;GGAL
 1740,00; 1755,00;0,10; 15,00;150;OROJul20;2020-06-11T13:32:52Z;ORO
61155,00;61300,00;5,00;145,00; 29;RFX20Jun20;2020-06-11T13:32:52Z;RFX20
   37,13;   37,25;0,01;  0,12; 12;WTIJul20;2020-06-11T13:32:52Z;WTI
   70,30;   70,40;0,01;  0,10; 10;DOJun20A;2020-06-11T13:32:59Z;DO
  125,00;  125,40;0,05;  0,40;  8;GGALJun20;2020-06-11T13:32:59Z;GGAL
 1740,00; 1755,00;0,10; 15,00;150;OROJul20;2020-06-11T13:32:59Z;ORO
61190,00;61295,00;5,00;105,00; 21;RFX20Jun20;2020-06-11T13:32:59Z;RFX20
   37,13;   37,25;0,01;  0,12; 12;WTIJul20;2020-06-11T13:32:59Z;WTI
   70,30;   70,40;0,01;  0,10; 10;DOJun20A;2020-06-11T13:33:05Z;DO
  125,00;  125,40;0,05;  0,40;  8;GGALJun20;2020-06-11T13:33:05Z;GGAL
 1740,00; 1755,00;0,10; 15,00;150;OROJul20;2020-06-11T13:33:05Z;ORO
61220,00;61300,00;5,00; 80,00; 16;RFX20Jun20;2020-06-11T13:33:05Z;RFX20
   37,13;   37,25;0,01;  0,12; 12;WTIJul20;2020-06-11T13:33:05Z;WTI
   70,30;   70,40;0,01;  0,10; 10;DOJun20A;2020-06-11T13:33:12Z;DO
  125,00;  125,40;0,05;  0,40;  8;GGALJun20;2020-06-11T13:33:12Z;GGAL
 1740,00; 1755,00;0,10; 15,00;150;OROJul20;2020-06-11T13:33:12Z;ORO
61230,00;61340,00;5,00;110,00; 22;RFX20Jun20;2020-06-11T13:33:12Z;RFX20
   37,15;   37,25;0,01;  0,10; 10;WTIJul20;2020-06-11T13:33:12Z;WTI
   70,30;   70,40;0,01;  0,10; 10;DOJun20A;2020-06-11T13:33:19Z;DO
  125,00;  125,40;0,05;  0,40;  8;GGALJun20;2020-06-11T13:33:19Z;GGAL
 1740,00; 1755,00;0,10; 15,00;150;OROJul20;2020-06-11T13:33:19Z;ORO
61230,00;61340,00;5,00;110,00; 22;RFX20Jun20;2020-06-11T13:33:19Z;RFX20
   37,15;   37,25;0,01;  0,10; 10;WTIJul20;2020-06-11T13:33:19Z;WTI
   70,30;   70,40;0,01;  0,10; 10;DOJun20A;2020-06-11T13:33:26Z;DO
  125,00;  125,40;0,05;  0,40;  8;GGALJun20;2020-06-11T13:33:26Z;GGAL
 1740,00; 1755,00;0,10; 15,00;150;OROJul20;2020-06-11T13:33:26Z;ORO
61300,00;61350,00;5,00; 50,00; 10;RFX20Jun20;2020-06-11T13:33:26Z;RFX20
   37,16;   37,25;0,01;  0,09;  9;WTIJul20;2020-06-11T13:33:26Z;WTI
   70,30;   70,40;0,01;  0,10; 10;DOJun20A;2020-06-11T13:33:32Z;DO
  125,00;  125,40;0,05;  0,40;  8;GGALJun20;2020-06-11T13:33:32Z;GGAL
 1740,00; 1755,00;0,10; 15,00;150;OROJul20;2020-06-11T13:33:32Z;ORO
61300,00;61425,00;5,00;125,00; 25;RFX20Jun20;2020-06-11T13:33:32Z;RFX20
   37,16;   37,25;0,01;  0,09;  9;WTIJul20;2020-06-11T13:33:32Z;WTI
   70,30;   70,40;0,01;  0,10; 10;DOJun20A;2020-06-11T13:33:39Z;DO
  125,00;  125,40;0,05;  0,40;  8;GGALJun20;2020-06-11T13:33:39Z;GGAL
 1740,00; 1755,00;0,10; 15,00;150;OROJul20;2020-06-11T13:33:39Z;ORO
61300,00;61400,00;5,00;100,00; 20;RFX20Jun20;2020-06-11T13:33:39Z;RFX20
   37,16;   37,25;0,01;  0,09;  9;WTIJul20;2020-06-11T13:33:39Z;WTI
   70,30;   70,39;0,01;  0,09;  9;DOJun20A;2020-06-11T13:33:46Z;DO
  125,00;  125,40;0,05;  0,40;  8;GGALJun20;2020-06-11T13:33:46Z;GGAL
 1740,00; 1755,00;0,10; 15,00;150;OROJul20;2020-06-11T13:33:46Z;ORO
61260,00;61385,00;5,00;125,00; 25;RFX20Jun20;2020-06-11T13:33:46Z;RFX20
   37,16;   37,25;0,01;  0,09;  9;WTIJul20;2020-06-11T13:33:46Z;WTI
   70,33;   70,39;0,01;  0,06;  6;DOJun20A;2020-06-11T13:33:53Z;DO
  125,00;  125,40;0,05;  0,40;  8;GGALJun20;2020-06-11T13:33:53Z;GGAL
 1740,00; 1755,00;0,10; 15,00;150;OROJul20;2020-06-11T13:33:53Z;ORO
61260,00;61300,00;5,00; 40,00;  8;RFX20Jun20;2020-06-11T13:33:53Z;RFX20
   37,16;   37,25;0,01;  0,09;  9;WTIJul20;2020-06-11T13:33:53Z;WTI
   70,33;   70,39;0,01;  0,06;  6;DOJun20A;2020-06-11T13:34:00Z;DO
  125,00;  125,40;0,05;  0,40;  8;GGALJun20;2020-06-11T13:34:00Z;GGAL
 1740,00; 1755,00;0,10; 15,00;150;OROJul20;2020-06-11T13:34:00Z;ORO
61300,00;61365,00;5,00; 65,00; 13;RFX20Jun20;2020-06-11T13:34:00Z;RFX20
   37,16;   37,25;0,01;  0,09;  9;WTIJul20;2020-06-11T13:34:00Z;WTI
   70,33;   70,39;0,01;  0,06;  6;DOJun20A;2020-06-11T13:34:07Z;DO
  125,00;  125,40;0,05;  0,40;  8;GGALJun20;2020-06-11T13:34:07Z;GGAL
 1740,00; 1755,00;0,10; 15,00;150;OROJul20;2020-06-11T13:34:07Z;ORO
61350,00;61370,00;5,00; 20,00;  4;RFX20Jun20;2020-06-11T13:34:07Z;RFX20
   37,16;   37,25;0,01;  0,09;  9;WTIJul20;2020-06-11T13:34:07Z;WTI
   70,33;   70,39;0,01;  0,06;  6;DOJun20A;2020-06-11T13:34:13Z;DO
  125,00;  125,40;0,05;  0,40;  8;GGALJun20;2020-06-11T13:34:13Z;GGAL
 1740,00; 1755,00;0,10; 15,00;150;OROJul20;2020-06-11T13:34:13Z;ORO
61400,00;61450,00;5,00; 50,00; 10;RFX20Jun20;2020-06-11T13:34:13Z;RFX20
   37,16;   37,25;0,01;  0,09;  9;WTIJul20;2020-06-11T13:34:13Z;WTI
   70,33;   70,39;0,01;  0,06;  6;DOJun20A;2020-06-11T13:34:20Z;DO
  125,00;  125,40;0,05;  0,40;  8;GGALJun20;2020-06-11T13:34:20Z;GGAL
 1740,00; 1755,00;0,10; 15,00;150;OROJul20;2020-06-11T13:34:20Z;ORO
61405,00;61445,00;5,00; 40,00;  8;RFX20Jun20;2020-06-11T13:34:20Z;RFX20
   37,15;   37,25;0,01;  0,10; 10;WTIJul20;2020-06-11T13:34:20Z;WTI
   70,33;   70,39;0,01;  0,06;  6;DOJun20A;2020-06-11T13:34:28Z;DO
  125,00;  125,45;0,05;  0,45;  9;GGALJun20;2020-06-11T13:34:28Z;GGAL
 1740,00; 1755,00;0,10; 15,00;150;OROJul20;2020-06-11T13:34:28Z;ORO
61500,00;61600,00;5,00;100,00; 20;RFX20Jun20;2020-06-11T13:34:28Z;RFX20
   37,15;   37,25;0,01;  0,10; 10;WTIJul20;2020-06-11T13:34:28Z;WTI
   70,33;   70,39;0,01;  0,06;  6;DOJun20A;2020-06-11T13:34:35Z;DO
  125,10;  125,45;0,05;  0,35;  7;GGALJun20;2020-06-11T13:34:35Z;GGAL
 1740,00; 1755,00;0,10; 15,00;150;OROJul20;2020-06-11T13:34:35Z;ORO
61405,00;61500,00;5,00; 95,00; 19;RFX20Jun20;2020-06-11T13:34:35Z;RFX20
   37,15;   37,25;0,01;  0,10; 10;WTIJul20;2020-06-11T13:34:35Z;WTI
   70,35;   70,39;0,01;  0,04;  4;DOJun20A;2020-06-11T13:34:42Z;DO
  125,10;  125,45;0,05;  0,35;  7;GGALJun20;2020-06-11T13:34:42Z;GGAL
 1740,00; 1755,00;0,10; 15,00;150;OROJul20;2020-06-11T13:34:42Z;ORO
61505,00;61600,00;5,00; 95,00; 19;RFX20Jun20;2020-06-11T13:34:42Z;RFX20
   37,20;   37,25;0,01;  0,05;  5;WTIJul20;2020-06-11T13:34:42Z;WTI
   70,35;   70,39;0,01;  0,04;  4;DOJun20A;2020-06-11T13:34:49Z;DO
  125,45;  125,55;0,05;  0,10;  2;GGALJun20;2020-06-11T13:34:49Z;GGAL
 1740,00; 1755,00;0,10; 15,00;150;OROJul20;2020-06-11T13:34:49Z;ORO
61505,00;61600,00;5,00; 95,00; 19;RFX20Jun20;2020-06-11T13:34:49Z;RFX20
   37,20;   37,25;0,01;  0,05;  5;WTIJul20;2020-06-11T13:34:49Z;WTI
   70,35;   70,39;0,01;  0,04;  4;DOJun20A;2020-06-11T13:34:55Z;DO
  125,55;  125,80;0,05;  0,25;  5;GGALJun20;2020-06-11T13:34:55Z;GGAL
 1740,00; 1755,00;0,10; 15,00;150;OROJul20;2020-06-11T13:34:55Z;ORO
61355,00;61600,00;5,00;245,00; 49;RFX20Jun20;2020-06-11T13:34:55Z;RFX20
   37,20;   37,25;0,01;  0,05;  5;WTIJul20;2020-06-11T13:34:55Z;WTI
   70,35;   70,39;0,01;  0,04;  4;DOJun20A;2020-06-11T13:35:02Z;DO
  125,55;  125,90;0,05;  0,35;  7;GGALJun20;2020-06-11T13:35:02Z;GGAL
 1741,00; 1755,00;0,10; 14,00;140;OROJul20;2020-06-11T13:35:02Z;ORO
61355,00;61585,00;5,00;230,00; 46;RFX20Jun20;2020-06-11T13:35:02Z;RFX20
   37,20;   37,25;0,01;  0,05;  5;WTIJul20;2020-06-11T13:35:02Z;WTI
   70,35;   70,39;0,01;  0,04;  4;DOJun20A;2020-06-11T13:35:10Z;DO
  125,90;  127,00;0,05;  1,10; 22;GGALJun20;2020-06-11T13:35:10Z;GGAL
 1741,00; 1755,00;0,10; 14,00;140;OROJul20;2020-06-11T13:35:10Z;ORO
61405,00;61500,00;5,00; 95,00; 19;RFX20Jun20;2020-06-11T13:35:10Z;RFX20
   37,20;   37,25;0,01;  0,05;  5;WTIJul20;2020-06-11T13:35:10Z;WTI
   70,25;   70,39;0,01;  0,14; 14;DOJun20A;2020-06-11T13:35:17Z;DO
  125,90;  126,90;0,05;  1,00; 20;GGALJun20;2020-06-11T13:35:17Z;GGAL
 1741,00; 1755,00;0,10; 14,00;140;OROJul20;2020-06-11T13:35:17Z;ORO
61415,00;61500,00;5,00; 85,00; 17;RFX20Jun20;2020-06-11T13:35:17Z;RFX20
   37,20;   37,25;0,01;  0,05;  5;WTIJul20;2020-06-11T13:35:17Z;WTI
   70,35;   70,39;0,01;  0,04;  4;DOJun20A;2020-06-11T13:35:24Z;DO
  125,90;  126,90;0,05;  1,00; 20;GGALJun20;2020-06-11T13:35:24Z;GGAL
 1741,00; 1755,00;0,10; 14,00;140;OROJul20;2020-06-11T13:35:24Z;ORO
61425,00;61580,00;5,00;155,00; 31;RFX20Jun20;2020-06-11T13:35:24Z;RFX20
   37,20;   37,25;0,01;  0,05;  5;WTIJul20;2020-06-11T13:35:24Z;WTI
   70,25;   70,39;0,01;  0,14; 14;DOJun20A;2020-06-11T13:35:31Z;DO
  125,90;  126,90;0,05;  1,00; 20;GGALJun20;2020-06-11T13:35:31Z;GGAL
 1741,00; 1755,00;0,10; 14,00;140;OROJul20;2020-06-11T13:35:31Z;ORO
61435,00;61575,00;5,00;140,00; 28;RFX20Jun20;2020-06-11T13:35:31Z;RFX20
   37,20;   37,25;0,01;  0,05;  5;WTIJul20;2020-06-11T13:35:31Z;WTI
   70,25;   70,39;0,01;  0,14; 14;DOJun20A;2020-06-11T13:35:38Z;DO
  125,90;  126,90;0,05;  1,00; 20;GGALJun20;2020-06-11T13:35:38Z;GGAL
 1741,00; 1755,00;0,10; 14,00;140;OROJul20;2020-06-11T13:35:38Z;ORO
61500,00;61575,00;5,00; 75,00; 15;RFX20Jun20;2020-06-11T13:35:38Z;RFX20
   37,20;   37,25;0,01;  0,05;  5;WTIJul20;2020-06-11T13:35:38Z;WTI
   70,25;   70,39;0,01;  0,14; 14;DOJun20A;2020-06-11T13:35:45Z;DO
  125,90;  126,90;0,05;  1,00; 20;GGALJun20;2020-06-11T13:35:45Z;GGAL
 1742,00; 1755,00;0,10; 13,00;130;OROJul20;2020-06-11T13:35:45Z;ORO
61500,00;61550,00;5,00; 50,00; 10;RFX20Jun20;2020-06-11T13:35:45Z;RFX20
   37,20;   37,25;0,01;  0,05;  5;WTIJul20;2020-06-11T13:35:45Z;WTI
   70,25;   70,39;0,01;  0,14; 14;DOJun20A;2020-06-11T13:35:52Z;DO
  125,50;  125,90;0,05;  0,40;  8;GGALJun20;2020-06-11T13:35:52Z;GGAL
 1742,00; 1755,00;0,10; 13,00;130;OROJul20;2020-06-11T13:35:52Z;ORO
61500,00;61575,00;5,00; 75,00; 15;RFX20Jun20;2020-06-11T13:35:52Z;RFX20
   37,20;   37,25;0,01;  0,05;  5;WTIJul20;2020-06-11T13:35:52Z;WTI
   70,25;   70,39;0,01;  0,14; 14;DOJun20A;2020-06-11T13:35:59Z;DO
  125,50;  125,90;0,05;  0,40;  8;GGALJun20;2020-06-11T13:35:59Z;GGAL
 1742,00; 1755,00;0,10; 13,00;130;OROJul20;2020-06-11T13:35:59Z;ORO
61505,00;61650,00;5,00;145,00; 29;RFX20Jun20;2020-06-11T13:35:59Z;RFX20
   37,20;   37,25;0,01;  0,05;  5;WTIJul20;2020-06-11T13:35:59Z;WTI
   70,25;   70,39;0,01;  0,14; 14;DOJun20A;2020-06-11T13:36:07Z;DO
  125,50;  125,90;0,05;  0,40;  8;GGALJun20;2020-06-11T13:36:07Z;GGAL
 1742,00; 1755,00;0,10; 13,00;130;OROJul20;2020-06-11T13:36:07Z;ORO
61600,00;61650,00;5,00; 50,00; 10;RFX20Jun20;2020-06-11T13:36:07Z;RFX20
   37,14;   37,25;0,01;  0,11; 11;WTIJul20;2020-06-11T13:36:07Z;WTI
   70,25;   70,39;0,01;  0,14; 14;DOJun20A;2020-06-11T13:36:14Z;DO
  125,50;  126,90;0,05;  1,40; 28;GGALJun20;2020-06-11T13:36:14Z;GGAL
 1742,00; 1755,00;0,10; 13,00;130;OROJul20;2020-06-11T13:36:14Z;ORO
61650,00;61690,00;5,00; 40,00;  8;RFX20Jun20;2020-06-11T13:36:14Z;RFX20
   37,14;   37,25;0,01;  0,11; 11;WTIJul20;2020-06-11T13:36:14Z;WTI
   70,25;   70,39;0,01;  0,14; 14;DOJun20A;2020-06-11T13:36:21Z;DO
  125,50;  126,50;0,05;  1,00; 20;GGALJun20;2020-06-11T13:36:21Z;GGAL
 1742,00; 1755,00;0,10; 13,00;130;OROJul20;2020-06-11T13:36:21Z;ORO
61600,00;61680,00;5,00; 80,00; 16;RFX20Jun20;2020-06-11T13:36:21Z;RFX20
   37,14;   37,25;0,01;  0,11; 11;WTIJul20;2020-06-11T13:36:21Z;WTI
   70,33;   70,39;0,01;  0,06;  6;DOJun20A;2020-06-11T13:36:29Z;DO
  126,00;  126,50;0,05;  0,50; 10;GGALJun20;2020-06-11T13:36:29Z;GGAL
 1742,00; 1755,00;0,10; 13,00;130;OROJul20;2020-06-11T13:36:29Z;ORO
61510,00;61675,00;5,00;165,00; 33;RFX20Jun20;2020-06-11T13:36:29Z;RFX20
   37,14;   37,25;0,01;  0,11; 11;WTIJul20;2020-06-11T13:36:29Z;WTI
   70,33;   70,39;0,01;  0,06;  6;DOJun20A;2020-06-11T13:36:36Z;DO
  125,50;  126,00;0,05;  0,50; 10;GGALJun20;2020-06-11T13:36:36Z;GGAL
 1742,00; 1755,00;0,10; 13,00;130;OROJul20;2020-06-11T13:36:36Z;ORO
61535,00;61675,00;5,00;140,00; 28;RFX20Jun20;2020-06-11T13:36:36Z;RFX20
   37,14;   37,25;0,01;  0,11; 11;WTIJul20;2020-06-11T13:36:36Z;WTI
   70,33;   70,39;0,01;  0,06;  6;DOJun20A;2020-06-11T13:36:43Z;DO
  125,50;  126,00;0,05;  0,50; 10;GGALJun20;2020-06-11T13:36:43Z;GGAL
 1742,00; 1755,00;0,10; 13,00;130;OROJul20;2020-06-11T13:36:43Z;ORO
61550,00;61650,00;5,00;100,00; 20;RFX20Jun20;2020-06-11T13:36:43Z;RFX20
   37,14;   37,25;0,01;  0,11; 11;WTIJul20;2020-06-11T13:36:43Z;WTI
   70,33;   70,39;0,01;  0,06;  6;DOJun20A;2020-06-11T13:36:50Z;DO
  125,50;  126,00;0,05;  0,50; 10;GGALJun20;2020-06-11T13:36:50Z;GGAL
 1742,00; 1755,00;0,10; 13,00;130;OROJul20;2020-06-11T13:36:50Z;ORO
61605,00;61675,00;5,00; 70,00; 14;RFX20Jun20;2020-06-11T13:36:50Z;RFX20
   37,14;   37,25;0,01;  0,11; 11;WTIJul20;2020-06-11T13:36:50Z;WTI
   70,33;   70,39;0,01;  0,06;  6;DOJun20A;2020-06-11T13:36:57Z;DO
  125,50;  126,00;0,05;  0,50; 10;GGALJun20;2020-06-11T13:36:57Z;GGAL
 1742,00; 1755,00;0,10; 13,00;130;OROJul20;2020-06-11T13:36:57Z;ORO
61535,00;61670,00;5,00;135,00; 27;RFX20Jun20;2020-06-11T13:36:57Z;RFX20
   37,14;   37,25;0,01;  0,11; 11;WTIJul20;2020-06-11T13:36:57Z;WTI
   70,33;   70,39;0,01;  0,06;  6;DOJun20A;2020-06-11T13:37:04Z;DO
  125,50;  126,00;0,05;  0,50; 10;GGALJun20;2020-06-11T13:37:04Z;GGAL
 1742,00; 1755,00;0,10; 13,00;130;OROJul20;2020-06-11T13:37:04Z;ORO
61505,00;61650,00;5,00;145,00; 29;RFX20Jun20;2020-06-11T13:37:04Z;RFX20
   37,14;   37,25;0,01;  0,11; 11;WTIJul20;2020-06-11T13:37:04Z;WTI
   70,33;   70,39;0,01;  0,06;  6;DOJun20A;2020-06-11T13:37:11Z;DO
  125,50;  126,00;0,05;  0,50; 10;GGALJun20;2020-06-11T13:37:11Z;GGAL
 1742,00; 1754,00;0,10; 12,00;120;OROJul20;2020-06-11T13:37:11Z;ORO
61530,00;61600,00;5,00; 70,00; 14;RFX20Jun20;2020-06-11T13:37:11Z;RFX20
   37,14;   37,25;0,01;  0,11; 11;WTIJul20;2020-06-11T13:37:11Z;WTI
   70,33;   70,39;0,01;  0,06;  6;DOJun20A;2020-06-11T13:37:18Z;DO
  125,50;  126,00;0,05;  0,50; 10;GGALJun20;2020-06-11T13:37:18Z;GGAL
 1742,00; 1754,00;0,10; 12,00;120;OROJul20;2020-06-11T13:37:18Z;ORO
61540,00;61595,00;5,00; 55,00; 11;RFX20Jun20;2020-06-11T13:37:18Z;RFX20
   37,12;   37,25;0,01;  0,13; 13;WTIJul20;2020-06-11T13:37:18Z;WTI
   70,33;   70,39;0,01;  0,06;  6;DOJun20A;2020-06-11T13:37:26Z;DO
  125,50;  126,00;0,05;  0,50; 10;GGALJun20;2020-06-11T13:37:26Z;GGAL
 1742,00; 1754,00;0,10; 12,00;120;OROJul20;2020-06-11T13:37:26Z;ORO
61540,00;61600,00;5,00; 60,00; 12;RFX20Jun20;2020-06-11T13:37:26Z;RFX20
   37,12;   37,25;0,01;  0,13; 13;WTIJul20;2020-06-11T13:37:26Z;WTI
   70,33;   70,39;0,01;  0,06;  6;DOJun20A;2020-06-11T13:37:32Z;DO
  125,50;  126,00;0,05;  0,50; 10;GGALJun20;2020-06-11T13:37:32Z;GGAL
 1742,00; 1754,00;0,10; 12,00;120;OROJul20;2020-06-11T13:37:32Z;ORO
61600,00;61645,00;5,00; 45,00;  9;RFX20Jun20;2020-06-11T13:37:32Z;RFX20
   37,12;   37,25;0,01;  0,13; 13;WTIJul20;2020-06-11T13:37:32Z;WTI
   70,33;   70,39;0,01;  0,06;  6;DOJun20A;2020-06-11T13:37:40Z;DO
  125,80;  126,00;0,05;  0,20;  4;GGALJun20;2020-06-11T13:37:40Z;GGAL
 1742,00; 1754,00;0,10; 12,00;120;OROJul20;2020-06-11T13:37:40Z;ORO
61555,00;61645,00;5,00; 90,00; 18;RFX20Jun20;2020-06-11T13:37:40Z;RFX20
   37,12;   37,25;0,01;  0,13; 13;WTIJul20;2020-06-11T13:37:40Z;WTI
   70,33;   70,39;0,01;  0,06;  6;DOJun20A;2020-06-11T13:37:47Z;DO
  125,80;  126,80;0,05;  1,00; 20;GGALJun20;2020-06-11T13:37:47Z;GGAL
 1742,00; 1754,00;0,10; 12,00;120;OROJul20;2020-06-11T13:37:47Z;ORO
61550,00;61645,00;5,00; 95,00; 19;RFX20Jun20;2020-06-11T13:37:47Z;RFX20
   37,13;   37,25;0,01;  0,12; 12;WTIJul20;2020-06-11T13:37:47Z;WTI
   70,33;   70,39;0,01;  0,06;  6;DOJun20A;2020-06-11T13:37:54Z;DO
  125,80;  126,80;0,05;  1,00; 20;GGALJun20;2020-06-11T13:37:54Z;GGAL
 1742,00; 1755,00;0,10; 13,00;130;OROJul20;2020-06-11T13:37:54Z;ORO
61550,00;61640,00;5,00; 90,00; 18;RFX20Jun20;2020-06-11T13:37:54Z;RFX20
   37,13;   37,25;0,01;  0,12; 12;WTIJul20;2020-06-11T13:37:54Z;WTI
   70,33;   70,39;0,01;  0,06;  6;DOJun20A;2020-06-11T13:38:01Z;DO
  125,80;  126,80;0,05;  1,00; 20;GGALJun20;2020-06-11T13:38:01Z;GGAL
 1742,00; 1755,00;0,10; 13,00;130;OROJul20;2020-06-11T13:38:01Z;ORO
61550,00;61640,00;5,00; 90,00; 18;RFX20Jun20;2020-06-11T13:38:01Z;RFX20
   37,13;   37,25;0,01;  0,12; 12;WTIJul20;2020-06-11T13:38:01Z;WTI
   70,33;   70,39;0,01;  0,06;  6;DOJun20A;2020-06-11T13:38:08Z;DO
  125,80;  126,80;0,05;  1,00; 20;GGALJun20;2020-06-11T13:38:08Z;GGAL
 1742,00; 1755,00;0,10; 13,00;130;OROJul20;2020-06-11T13:38:08Z;ORO
61600,00;61640,00;5,00; 40,00;  8;RFX20Jun20;2020-06-11T13:38:08Z;RFX20
   37,13;   37,25;0,01;  0,12; 12;WTIJul20;2020-06-11T13:38:08Z;WTI
   70,33;   70,39;0,01;  0,06;  6;DOJun20A;2020-06-11T13:38:15Z;DO
  125,80;  126,80;0,05;  1,00; 20;GGALJun20;2020-06-11T13:38:15Z;GGAL
 1742,00; 1755,00;0,10; 13,00;130;OROJul20;2020-06-11T13:38:15Z;ORO
61645,00;61675,00;5,00; 30,00;  6;RFX20Jun20;2020-06-11T13:38:15Z;RFX20
   37,13;   37,25;0,01;  0,12; 12;WTIJul20;2020-06-11T13:38:15Z;WTI
   70,33;   70,39;0,01;  0,06;  6;DOJun20A;2020-06-11T13:38:22Z;DO
  125,80;  126,80;0,05;  1,00; 20;GGALJun20;2020-06-11T13:38:22Z;GGAL
 1742,00; 1755,00;0,10; 13,00;130;OROJul20;2020-06-11T13:38:22Z;ORO
61600,00;61635,00;5,00; 35,00;  7;RFX20Jun20;2020-06-11T13:38:22Z;RFX20
   37,13;   37,25;0,01;  0,12; 12;WTIJul20;2020-06-11T13:38:22Z;WTI
   70,33;   70,39;0,01;  0,06;  6;DOJun20A;2020-06-11T13:38:29Z;DO
  125,80;  126,30;0,05;  0,50; 10;GGALJun20;2020-06-11T13:38:29Z;GGAL
 1742,00; 1755,00;0,10; 13,00;130;OROJul20;2020-06-11T13:38:29Z;ORO
61555,00;61600,00;5,00; 45,00;  9;RFX20Jun20;2020-06-11T13:38:29Z;RFX20
   37,13;   37,25;0,01;  0,12; 12;WTIJul20;2020-06-11T13:38:29Z;WTI
   70,33;   70,39;0,01;  0,06;  6;DOJun20A;2020-06-11T13:38:36Z;DO
  125,80;  126,30;0,05;  0,50; 10;GGALJun20;2020-06-11T13:38:36Z;GGAL
 1742,00; 1755,00;0,10; 13,00;130;OROJul20;2020-06-11T13:38:36Z;ORO
61600,00;61630,00;5,00; 30,00;  6;RFX20Jun20;2020-06-11T13:38:36Z;RFX20
   37,13;   37,25;0,01;  0,12; 12;WTIJul20;2020-06-11T13:38:36Z;WTI
   70,33;   70,39;0,01;  0,06;  6;DOJun20A;2020-06-11T13:38:43Z;DO
  125,80;  126,80;0,05;  1,00; 20;GGALJun20;2020-06-11T13:38:43Z;GGAL
 1742,00; 1755,00;0,10; 13,00;130;OROJul20;2020-06-11T13:38:43Z;ORO
61600,00;61630,00;5,00; 30,00;  6;RFX20Jun20;2020-06-11T13:38:43Z;RFX20
   37,13;   37,24;0,01;  0,11; 11;WTIJul20;2020-06-11T13:38:43Z;WTI
   70,33;   70,39;0,01;  0,06;  6;DOJun20A;2020-06-11T13:38:50Z;DO
  125,80;  126,80;0,05;  1,00; 20;GGALJun20;2020-06-11T13:38:50Z;GGAL
 1742,00; 1755,00;0,10; 13,00;130;OROJul20;2020-06-11T13:38:50Z;ORO
61600,00;61605,00;5,00;  5,00;  1;RFX20Jun20;2020-06-11T13:38:50Z;RFX20
   37,13;   37,20;0,01;  0,07;  7;WTIJul20;2020-06-11T13:38:50Z;WTI
   70,33;   70,39;0,01;  0,06;  6;DOJun20A;2020-06-11T13:38:57Z;DO
  125,85;  126,80;0,05;  0,95; 19;GGALJun20;2020-06-11T13:38:57Z;GGAL
 1742,00; 1755,00;0,10; 13,00;130;OROJul20;2020-06-11T13:38:57Z;ORO
61600,00;61635,00;5,00; 35,00;  7;RFX20Jun20;2020-06-11T13:38:57Z;RFX20
   37,13;   37,20;0,01;  0,07;  7;WTIJul20;2020-06-11T13:38:57Z;WTI
   70,33;   70,39;0,01;  0,06;  6;DOJun20A;2020-06-11T13:39:03Z;DO
  125,85;  126,80;0,05;  0,95; 19;GGALJun20;2020-06-11T13:39:03Z;GGAL
 1742,00; 1755,00;0,10; 13,00;130;OROJul20;2020-06-11T13:39:03Z;ORO
61635,00;61675,00;5,00; 40,00;  8;RFX20Jun20;2020-06-11T13:39:03Z;RFX20
   37,13;   37,20;0,01;  0,07;  7;WTIJul20;2020-06-11T13:39:03Z;WTI
   70,33;   70,39;0,01;  0,06;  6;DOJun20A;2020-06-11T13:39:10Z;DO
  125,85;  126,80;0,05;  0,95; 19;GGALJun20;2020-06-11T13:39:10Z;GGAL
 1742,00; 1755,00;0,10; 13,00;130;OROJul20;2020-06-11T13:39:10Z;ORO
61635,00;61685,00;5,00; 50,00; 10;RFX20Jun20;2020-06-11T13:39:10Z;RFX20
   37,13;   37,20;0,01;  0,07;  7;WTIJul20;2020-06-11T13:39:10Z;WTI
   70,33;   70,39;0,01;  0,06;  6;DOJun20A;2020-06-11T13:39:17Z;DO
  125,85;  126,80;0,05;  0,95; 19;GGALJun20;2020-06-11T13:39:17Z;GGAL
 1742,00; 1755,00;0,10; 13,00;130;OROJul20;2020-06-11T13:39:17Z;ORO
61605,00;61775,00;5,00;170,00; 34;RFX20Jun20;2020-06-11T13:39:17Z;RFX20
   37,13;   37,20;0,01;  0,07;  7;WTIJul20;2020-06-11T13:39:17Z;WTI
   70,35;   70,39;0,01;  0,04;  4;DOJun20A;2020-06-11T13:39:25Z;DO
  125,85;  126,80;0,05;  0,95; 19;GGALJun20;2020-06-11T13:39:25Z;GGAL
 1742,00; 1755,00;0,10; 13,00;130;OROJul20;2020-06-11T13:39:25Z;ORO
61605,00;61685,00;5,00; 80,00; 16;RFX20Jun20;2020-06-11T13:39:25Z;RFX20
   37,13;   37,20;0,01;  0,07;  7;WTIJul20;2020-06-11T13:39:25Z;WTI
   70,35;   70,39;0,01;  0,04;  4;DOJun20A;2020-06-11T13:39:32Z;DO
  125,85;  126,80;0,05;  0,95; 19;GGALJun20;2020-06-11T13:39:32Z;GGAL
 1742,00; 1755,00;0,10; 13,00;130;OROJul20;2020-06-11T13:39:32Z;ORO
61610,00;61680,00;5,00; 70,00; 14;RFX20Jun20;2020-06-11T13:39:32Z;RFX20
   37,13;   37,20;0,01;  0,07;  7;WTIJul20;2020-06-11T13:39:32Z;WTI
   70,35;   70,39;0,01;  0,04;  4;DOJun20A;2020-06-11T13:39:39Z;DO
  125,85;  126,80;0,05;  0,95; 19;GGALJun20;2020-06-11T13:39:39Z;GGAL
 1742,00; 1755,00;0,10; 13,00;130;OROJul20;2020-06-11T13:39:39Z;ORO
61555,00;61680,00;5,00;125,00; 25;RFX20Jun20;2020-06-11T13:39:39Z;RFX20
   37,13;   37,20;0,01;  0,07;  7;WTIJul20;2020-06-11T13:39:39Z;WTI
   70,35;   70,39;0,01;  0,04;  4;DOJun20A;2020-06-11T13:39:46Z;DO
  125,85;  126,80;0,05;  0,95; 19;GGALJun20;2020-06-11T13:39:46Z;GGAL
 1742,00; 1755,00;0,10; 13,00;130;OROJul20;2020-06-11T13:39:46Z;ORO
61565,00;61675,00;5,00;110,00; 22;RFX20Jun20;2020-06-11T13:39:46Z;RFX20
   37,13;   37,20;0,01;  0,07;  7;WTIJul20;2020-06-11T13:39:46Z;WTI
   70,35;   70,39;0,01;  0,04;  4;DOJun20A;2020-06-11T13:39:53Z;DO
  125,85;  126,70;0,05;  0,85; 17;GGALJun20;2020-06-11T13:39:53Z;GGAL
 1742,00; 1750,00;0,10;  8,00; 80;OROJul20;2020-06-11T13:39:53Z;ORO
61590,00;61670,00;5,00; 80,00; 16;RFX20Jun20;2020-06-11T13:39:53Z;RFX20
   37,13;   37,20;0,01;  0,07;  7;WTIJul20;2020-06-11T13:39:53Z;WTI
   70,35;   70,39;0,01;  0,04;  4;DOJun20A;2020-06-11T13:39:59Z;DO
  125,85;  126,70;0,05;  0,85; 17;GGALJun20;2020-06-11T13:39:59Z;GGAL
 1742,00; 1750,00;0,10;  8,00; 80;OROJul20;2020-06-11T13:39:59Z;ORO
61605,00;61670,00;5,00; 65,00; 13;RFX20Jun20;2020-06-11T13:39:59Z;RFX20
   37,13;   37,20;0,01;  0,07;  7;WTIJul20;2020-06-11T13:39:59Z;WTI
   70,35;   70,39;0,01;  0,04;  4;DOJun20A;2020-06-11T13:40:06Z;DO
  125,80;  125,85;0,05;  0,05;  1;GGALJun20;2020-06-11T13:40:06Z;GGAL
 1742,00; 1750,00;0,10;  8,00; 80;OROJul20;2020-06-11T13:40:06Z;ORO
61605,00;61670,00;5,00; 65,00; 13;RFX20Jun20;2020-06-11T13:40:06Z;RFX20
   37,13;   37,20;0,01;  0,07;  7;WTIJul20;2020-06-11T13:40:06Z;WTI
   70,30;   70,39;0,01;  0,09;  9;DOJun20A;2020-06-11T13:40:14Z;DO
  125,80;  125,85;0,05;  0,05;  1;GGALJun20;2020-06-11T13:40:14Z;GGAL
 1742,00; 1750,00;0,10;  8,00; 80;OROJul20;2020-06-11T13:40:14Z;ORO
61605,00;61670,00;5,00; 65,00; 13;RFX20Jun20;2020-06-11T13:40:14Z;RFX20
   37,13;   37,20;0,01;  0,07;  7;WTIJul20;2020-06-11T13:40:14Z;WTI
   70,30;   70,36;0,01;  0,06;  6;DOJun20A;2020-06-11T13:40:20Z;DO
  125,80;  125,85;0,05;  0,05;  1;GGALJun20;2020-06-11T13:40:20Z;GGAL
 1750,00; 1755,00;0,10;  5,00; 50;OROJul20;2020-06-11T13:40:20Z;ORO
61600,00;61665,00;5,00; 65,00; 13;RFX20Jun20;2020-06-11T13:40:20Z;RFX20
   37,13;   37,20;0,01;  0,07;  7;WTIJul20;2020-06-11T13:40:20Z;WTI
   70,30;   70,36;0,01;  0,06;  6;DOJun20A;2020-06-11T13:40:27Z;DO
  124,50;  126,30;0,05;  1,80; 36;GGALJun20;2020-06-11T13:40:27Z;GGAL
 1750,00; 1755,00;0,10;  5,00; 50;OROJul20;2020-06-11T13:40:27Z;ORO
61585,00;61660,00;5,00; 75,00; 15;RFX20Jun20;2020-06-11T13:40:27Z;RFX20
   37,13;   37,20;0,01;  0,07;  7;WTIJul20;2020-06-11T13:40:27Z;WTI
   70,30;   70,36;0,01;  0,06;  6;DOJun20A;2020-06-11T13:40:34Z;DO
  124,50;  126,30;0,05;  1,80; 36;GGALJun20;2020-06-11T13:40:34Z;GGAL
 1750,00; 1770,00;0,10; 20,00;200;OROJul20;2020-06-11T13:40:34Z;ORO
61585,00;61600,00;5,00; 15,00;  3;RFX20Jun20;2020-06-11T13:40:34Z;RFX20
   37,13;   37,20;0,01;  0,07;  7;WTIJul20;2020-06-11T13:40:34Z;WTI
   70,30;   70,36;0,01;  0,06;  6;DOJun20A;2020-06-11T13:40:41Z;DO
  124,50;  126,30;0,05;  1,80; 36;GGALJun20;2020-06-11T13:40:41Z;GGAL
 1750,00; 1770,00;0,10; 20,00;200;OROJul20;2020-06-11T13:40:41Z;ORO
61585,00;61600,00;5,00; 15,00;  3;RFX20Jun20;2020-06-11T13:40:41Z;RFX20
   37,13;   37,20;0,01;  0,07;  7;WTIJul20;2020-06-11T13:40:41Z;WTI
   70,30;   70,36;0,01;  0,06;  6;DOJun20A;2020-06-11T13:40:48Z;DO
  124,55;  126,30;0,05;  1,75; 35;GGALJun20;2020-06-11T13:40:48Z;GGAL
 1750,00; 1770,00;0,10; 20,00;200;OROJul20;2020-06-11T13:40:48Z;ORO
61585,00;61600,00;5,00; 15,00;  3;RFX20Jun20;2020-06-11T13:40:48Z;RFX20
   37,12;   37,20;0,01;  0,08;  8;WTIJul20;2020-06-11T13:40:48Z;WTI
   70,34;   70,36;0,01;  0,02;  2;DOJun20A;2020-06-11T13:40:55Z;DO
  124,55;  126,30;0,05;  1,75; 35;GGALJun20;2020-06-11T13:40:55Z;GGAL
 1750,00; 1768,00;0,10; 18,00;180;OROJul20;2020-06-11T13:40:55Z;ORO
61585,00;61660,00;5,00; 75,00; 15;RFX20Jun20;2020-06-11T13:40:55Z;RFX20
   37,00;   37,13;0,01;  0,13; 13;WTIJul20;2020-06-11T13:40:55Z;WTI
   70,34;   70,36;0,01;  0,02;  2;DOJun20A;2020-06-11T13:41:02Z;DO
  124,55;  126,30;0,05;  1,75; 35;GGALJun20;2020-06-11T13:41:02Z;GGAL
 1750,00; 1768,00;0,10; 18,00;180;OROJul20;2020-06-11T13:41:02Z;ORO
61585,00;61660,00;5,00; 75,00; 15;RFX20Jun20;2020-06-11T13:41:02Z;RFX20
   37,00;   37,13;0,01;  0,13; 13;WTIJul20;2020-06-11T13:41:02Z;WTI
   70,34;   70,36;0,01;  0,02;  2;DOJun20A;2020-06-11T13:41:08Z;DO
  124,55;  126,30;0,05;  1,75; 35;GGALJun20;2020-06-11T13:41:08Z;GGAL
 1750,00; 1768,00;0,10; 18,00;180;OROJul20;2020-06-11T13:41:08Z;ORO
61585,00;61645,00;5,00; 60,00; 12;RFX20Jun20;2020-06-11T13:41:08Z;RFX20
   37,00;   37,13;0,01;  0,13; 13;WTIJul20;2020-06-11T13:41:08Z;WTI
   70,34;   70,36;0,01;  0,02;  2;DOJun20A;2020-06-11T13:41:15Z;DO
  124,55;  126,00;0,05;  1,45; 29;GGALJun20;2020-06-11T13:41:15Z;GGAL
 1750,00; 1768,00;0,10; 18,00;180;OROJul20;2020-06-11T13:41:15Z;ORO
61585,00;61645,00;5,00; 60,00; 12;RFX20Jun20;2020-06-11T13:41:15Z;RFX20
   37,01;   37,13;0,01;  0,12; 12;WTIJul20;2020-06-11T13:41:15Z;WTI
   70,34;   70,36;0,01;  0,02;  2;DOJun20A;2020-06-11T13:41:22Z;DO
  124,55;  126,00;0,05;  1,45; 29;GGALJun20;2020-06-11T13:41:22Z;GGAL
 1750,00; 1768,00;0,10; 18,00;180;OROJul20;2020-06-11T13:41:22Z;ORO
61585,00;61640,00;5,00; 55,00; 11;RFX20Jun20;2020-06-11T13:41:22Z;RFX20
   37,01;   37,13;0,01;  0,12; 12;WTIJul20;2020-06-11T13:41:22Z;WTI
   70,34;   70,36;0,01;  0,02;  2;DOJun20A;2020-06-11T13:41:29Z;DO
  124,80;  126,00;0,05;  1,20; 24;GGALJun20;2020-06-11T13:41:29Z;GGAL
 1750,00; 1768,00;0,10; 18,00;180;OROJul20;2020-06-11T13:41:29Z;ORO
61600,00;61665,00;5,00; 65,00; 13;RFX20Jun20;2020-06-11T13:41:29Z;RFX20
   37,01;   37,13;0,01;  0,12; 12;WTIJul20;2020-06-11T13:41:29Z;WTI
   70,34;   70,36;0,01;  0,02;  2;DOJun20A;2020-06-11T13:41:36Z;DO
  124,80;  126,30;0,05;  1,50; 30;GGALJun20;2020-06-11T13:41:36Z;GGAL
 1750,00; 1768,00;0,10; 18,00;180;OROJul20;2020-06-11T13:41:36Z;ORO
61650,00;61665,00;5,00; 15,00;  3;RFX20Jun20;2020-06-11T13:41:36Z;RFX20
   37,01;   37,20;0,01;  0,19; 19;WTIJul20;2020-06-11T13:41:36Z;WTI
   70,34;   70,36;0,01;  0,02;  2;DOJun20A;2020-06-11T13:41:44Z;DO
  124,80;  126,25;0,05;  1,45; 29;GGALJun20;2020-06-11T13:41:44Z;GGAL
 1750,00; 1768,00;0,10; 18,00;180;OROJul20;2020-06-11T13:41:44Z;ORO
61600,00;61650,00;5,00; 50,00; 10;RFX20Jun20;2020-06-11T13:41:44Z;RFX20
   37,01;   37,20;0,01;  0,19; 19;WTIJul20;2020-06-11T13:41:44Z;WTI
   70,34;   70,36;0,01;  0,02;  2;DOJun20A;2020-06-11T13:41:51Z;DO
  124,80;  126,25;0,05;  1,45; 29;GGALJun20;2020-06-11T13:41:51Z;GGAL
 1750,00; 1768,00;0,10; 18,00;180;OROJul20;2020-06-11T13:41:51Z;ORO
61605,00;61645,00;5,00; 40,00;  8;RFX20Jun20;2020-06-11T13:41:51Z;RFX20
   37,02;   37,20;0,01;  0,18; 18;WTIJul20;2020-06-11T13:41:51Z;WTI
   70,34;   70,36;0,01;  0,02;  2;DOJun20A;2020-06-11T13:41:58Z;DO
  124,80;  126,20;0,05;  1,40; 28;GGALJun20;2020-06-11T13:41:58Z;GGAL
 1750,00; 1768,00;0,10; 18,00;180;OROJul20;2020-06-11T13:41:58Z;ORO
61605,00;61645,00;5,00; 40,00;  8;RFX20Jun20;2020-06-11T13:41:58Z;RFX20
   37,02;   37,20;0,01;  0,18; 18;WTIJul20;2020-06-11T13:41:58Z;WTI
   70,34;   70,36;0,01;  0,02;  2;DOJun20A;2020-06-11T13:42:05Z;DO
  124,80;  126,20;0,05;  1,40; 28;GGALJun20;2020-06-11T13:42:05Z;GGAL
 1750,00; 1768,00;0,10; 18,00;180;OROJul20;2020-06-11T13:42:05Z;ORO
61500,00;61550,00;5,00; 50,00; 10;RFX20Jun20;2020-06-11T13:42:05Z;RFX20
   37,02;   37,20;0,01;  0,18; 18;WTIJul20;2020-06-11T13:42:05Z;WTI
   70,34;   70,36;0,01;  0,02;  2;DOJun20A;2020-06-11T13:42:13Z;DO
  124,80;  126,20;0,05;  1,40; 28;GGALJun20;2020-06-11T13:42:13Z;GGAL
 1750,00; 1768,00;0,10; 18,00;180;OROJul20;2020-06-11T13:42:13Z;ORO
61510,00;61640,00;5,00;130,00; 26;RFX20Jun20;2020-06-11T13:42:13Z;RFX20
   37,02;   37,20;0,01;  0,18; 18;WTIJul20;2020-06-11T13:42:13Z;WTI
   70,34;   70,36;0,01;  0,02;  2;DOJun20A;2020-06-11T13:42:20Z;DO
  124,80;  126,20;0,05;  1,40; 28;GGALJun20;2020-06-11T13:42:20Z;GGAL
 1750,00; 1768,00;0,10; 18,00;180;OROJul20;2020-06-11T13:42:20Z;ORO
61550,00;61620,00;5,00; 70,00; 14;RFX20Jun20;2020-06-11T13:42:20Z;RFX20
   37,02;   37,20;0,01;  0,18; 18;WTIJul20;2020-06-11T13:42:20Z;WTI
   70,34;   70,36;0,01;  0,02;  2;DOJun20A;2020-06-11T13:42:27Z;DO
  124,80;  126,20;0,05;  1,40; 28;GGALJun20;2020-06-11T13:42:27Z;GGAL
 1750,00; 1768,00;0,10; 18,00;180;OROJul20;2020-06-11T13:42:27Z;ORO
61505,00;61550,00;5,00; 45,00;  9;RFX20Jun20;2020-06-11T13:42:27Z;RFX20
   37,01;   37,02;0,01;  0,01;  1;WTIJul20;2020-06-11T13:42:27Z;WTI
   70,34;   70,38;0,01;  0,04;  4;DOJun20A;2020-06-11T13:42:34Z;DO
  124,80;  126,00;0,05;  1,20; 24;GGALJun20;2020-06-11T13:42:34Z;GGAL
 1750,00; 1768,00;0,10; 18,00;180;OROJul20;2020-06-11T13:42:34Z;ORO
61505,00;61550,00;5,00; 45,00;  9;RFX20Jun20;2020-06-11T13:42:34Z;RFX20
   37,00;   37,02;0,01;  0,02;  2;WTIJul20;2020-06-11T13:42:34Z;WTI
   70,34;   70,38;0,01;  0,04;  4;DOJun20A;2020-06-11T13:42:40Z;DO
  124,80;  126,00;0,05;  1,20; 24;GGALJun20;2020-06-11T13:42:40Z;GGAL
 1750,00; 1768,00;0,10; 18,00;180;OROJul20;2020-06-11T13:42:40Z;ORO
61520,00;61615,00;5,00; 95,00; 19;RFX20Jun20;2020-06-11T13:42:40Z;RFX20
   36,91;   37,02;0,01;  0,11; 11;WTIJul20;2020-06-11T13:42:40Z;WTI
   70,34;   70,38;0,01;  0,04;  4;DOJun20A;2020-06-11T13:42:47Z;DO
  124,80;  126,00;0,05;  1,20; 24;GGALJun20;2020-06-11T13:42:47Z;GGAL
 1750,00; 1768,00;0,10; 18,00;180;OROJul20;2020-06-11T13:42:47Z;ORO
61545,00;61615,00;5,00; 70,00; 14;RFX20Jun20;2020-06-11T13:42:47Z;RFX20
   36,92;   37,00;0,01;  0,08;  8;WTIJul20;2020-06-11T13:42:47Z;WTI
   70,34;   70,38;0,01;  0,04;  4;DOJun20A;2020-06-11T13:42:54Z;DO
  124,80;  126,00;0,05;  1,20; 24;GGALJun20;2020-06-11T13:42:54Z;GGAL
 1750,00; 1768,00;0,10; 18,00;180;OROJul20;2020-06-11T13:42:54Z;ORO
61535,00;61600,00;5,00; 65,00; 13;RFX20Jun20;2020-06-11T13:42:54Z;RFX20
   36,92;   37,00;0,01;  0,08;  8;WTIJul20;2020-06-11T13:42:54Z;WTI
   70,34;   70,38;0,01;  0,04;  4;DOJun20A;2020-06-11T13:43:01Z;DO
  124,80;  126,20;0,05;  1,40; 28;GGALJun20;2020-06-11T13:43:01Z;GGAL
 1750,00; 1768,00;0,10; 18,00;180;OROJul20;2020-06-11T13:43:01Z;ORO
61535,00;61595,00;5,00; 60,00; 12;RFX20Jun20;2020-06-11T13:43:01Z;RFX20
   36,92;   37,00;0,01;  0,08;  8;WTIJul20;2020-06-11T13:43:01Z;WTI
   70,34;   70,38;0,01;  0,04;  4;DOJun20A;2020-06-11T13:43:08Z;DO
  124,80;  125,80;0,05;  1,00; 20;GGALJun20;2020-06-11T13:43:08Z;GGAL
 1750,00; 1768,00;0,10; 18,00;180;OROJul20;2020-06-11T13:43:08Z;ORO
61535,00;61595,00;5,00; 60,00; 12;RFX20Jun20;2020-06-11T13:43:08Z;RFX20
   36,91;   37,00;0,01;  0,09;  9;WTIJul20;2020-06-11T13:43:08Z;WTI
   70,34;   70,38;0,01;  0,04;  4;DOJun20A;2020-06-11T13:43:15Z;DO
  124,80;  125,80;0,05;  1,00; 20;GGALJun20;2020-06-11T13:43:15Z;GGAL
 1750,00; 1768,00;0,10; 18,00;180;OROJul20;2020-06-11T13:43:15Z;ORO
61550,00;61600,00;5,00; 50,00; 10;RFX20Jun20;2020-06-11T13:43:15Z;RFX20
   36,87;   37,00;0,01;  0,13; 13;WTIJul20;2020-06-11T13:43:15Z;WTI
   70,34;   70,38;0,01;  0,04;  4;DOJun20A;2020-06-11T13:43:22Z;DO
  124,80;  125,80;0,05;  1,00; 20;GGALJun20;2020-06-11T13:43:22Z;GGAL
 1750,00; 1768,00;0,10; 18,00;180;OROJul20;2020-06-11T13:43:22Z;ORO
61550,00;61595,00;5,00; 45,00;  9;RFX20Jun20;2020-06-11T13:43:22Z;RFX20
   36,88;   37,00;0,01;  0,12; 12;WTIJul20;2020-06-11T13:43:22Z;WTI
   70,34;   70,38;0,01;  0,04;  4;DOJun20A;2020-06-11T13:43:29Z;DO
  124,80;  125,80;0,05;  1,00; 20;GGALJun20;2020-06-11T13:43:29Z;GGAL
 1750,00; 1768,00;0,10; 18,00;180;OROJul20;2020-06-11T13:43:29Z;ORO
61550,00;61585,00;5,00; 35,00;  7;RFX20Jun20;2020-06-11T13:43:29Z;RFX20
   36,88;   37,00;0,01;  0,12; 12;WTIJul20;2020-06-11T13:43:29Z;WTI
   70,34;   70,38;0,01;  0,04;  4;DOJun20A;2020-06-11T13:43:36Z;DO
  124,80;  125,80;0,05;  1,00; 20;GGALJun20;2020-06-11T13:43:36Z;GGAL
 1750,00; 1768,00;0,10; 18,00;180;OROJul20;2020-06-11T13:43:36Z;ORO
61535,00;61550,00;5,00; 15,00;  3;RFX20Jun20;2020-06-11T13:43:36Z;RFX20
   36,87;   37,00;0,01;  0,13; 13;WTIJul20;2020-06-11T13:43:36Z;WTI
   70,34;   70,38;0,01;  0,04;  4;DOJun20A;2020-06-11T13:43:43Z;DO
  124,80;  125,80;0,05;  1,00; 20;GGALJun20;2020-06-11T13:43:43Z;GGAL
 1750,00; 1768,00;0,10; 18,00;180;OROJul20;2020-06-11T13:43:43Z;ORO
61535,00;61550,00;5,00; 15,00;  3;RFX20Jun20;2020-06-11T13:43:43Z;RFX20
   36,88;   37,00;0,01;  0,12; 12;WTIJul20;2020-06-11T13:43:43Z;WTI
   70,34;   70,38;0,01;  0,04;  4;DOJun20A;2020-06-11T13:43:50Z;DO
  124,80;  125,80;0,05;  1,00; 20;GGALJun20;2020-06-11T13:43:50Z;GGAL
 1750,00; 1768,00;0,10; 18,00;180;OROJul20;2020-06-11T13:43:50Z;ORO
61535,00;61550,00;5,00; 15,00;  3;RFX20Jun20;2020-06-11T13:43:50Z;RFX20
   36,88;   37,00;0,01;  0,12; 12;WTIJul20;2020-06-11T13:43:50Z;WTI
   70,34;   70,38;0,01;  0,04;  4;DOJun20A;2020-06-11T13:43:57Z;DO
  124,80;  125,80;0,05;  1,00; 20;GGALJun20;2020-06-11T13:43:57Z;GGAL
 1742,00; 1768,00;0,10; 26,00;260;OROJul20;2020-06-11T13:43:57Z;ORO
61535,00;61585,00;5,00; 50,00; 10;RFX20Jun20;2020-06-11T13:43:57Z;RFX20
   36,90;   37,00;0,01;  0,10; 10;WTIJul20;2020-06-11T13:43:57Z;WTI
   70,34;   70,38;0,01;  0,04;  4;DOJun20A;2020-06-11T13:44:04Z;DO
  124,80;  125,80;0,05;  1,00; 20;GGALJun20;2020-06-11T13:44:04Z;GGAL
 1742,00; 1768,00;0,10; 26,00;260;OROJul20;2020-06-11T13:44:04Z;ORO
61585,00;61600,00;5,00; 15,00;  3;RFX20Jun20;2020-06-11T13:44:04Z;RFX20
   36,90;   37,00;0,01;  0,10; 10;WTIJul20;2020-06-11T13:44:04Z;WTI
   70,34;   70,38;0,01;  0,04;  4;DOJun20A;2020-06-11T13:44:11Z;DO
  124,80;  125,80;0,05;  1,00; 20;GGALJun20;2020-06-11T13:44:11Z;GGAL
 1742,00; 1768,00;0,10; 26,00;260;OROJul20;2020-06-11T13:44:11Z;ORO
61585,00;61640,00;5,00; 55,00; 11;RFX20Jun20;2020-06-11T13:44:11Z;RFX20
   36,88;   37,00;0,01;  0,12; 12;WTIJul20;2020-06-11T13:44:11Z;WTI
   70,34;   70,38;0,01;  0,04;  4;DOJun20A;2020-06-11T13:44:18Z;DO
  124,80;  125,80;0,05;  1,00; 20;GGALJun20;2020-06-11T13:44:18Z;GGAL
 1742,00; 1768,00;0,10; 26,00;260;OROJul20;2020-06-11T13:44:18Z;ORO
61550,00;61605,00;5,00; 55,00; 11;RFX20Jun20;2020-06-11T13:44:18Z;RFX20
   36,88;   37,20;0,01;  0,32; 32;WTIJul20;2020-06-11T13:44:18Z;WTI
   70,34;   70,38;0,01;  0,04;  4;DOJun20A;2020-06-11T13:44:25Z;DO
  124,80;  125,80;0,05;  1,00; 20;GGALJun20;2020-06-11T13:44:25Z;GGAL
 1742,00; 1768,00;0,10; 26,00;260;OROJul20;2020-06-11T13:44:25Z;ORO
61550,00;61590,00;5,00; 40,00;  8;RFX20Jun20;2020-06-11T13:44:25Z;RFX20
   36,88;   37,15;0,01;  0,27; 27;WTIJul20;2020-06-11T13:44:25Z;WTI
   70,34;   70,38;0,01;  0,04;  4;DOJun20A;2020-06-11T13:44:32Z;DO
  125,00;  125,80;0,05;  0,80; 16;GGALJun20;2020-06-11T13:44:32Z;GGAL
 1742,00; 1755,00;0,10; 13,00;130;OROJul20;2020-06-11T13:44:32Z;ORO
61535,00;61585,00;5,00; 50,00; 10;RFX20Jun20;2020-06-11T13:44:32Z;RFX20
   36,88;   37,15;0,01;  0,27; 27;WTIJul20;2020-06-11T13:44:32Z;WTI
   70,34;   70,38;0,01;  0,04;  4;DOJun20A;2020-06-11T13:44:39Z;DO
  125,00;  125,80;0,05;  0,80; 16;GGALJun20;2020-06-11T13:44:39Z;GGAL
 1742,00; 1759,00;0,10; 17,00;170;OROJul20;2020-06-11T13:44:39Z;ORO
61500,00;61585,00;5,00; 85,00; 17;RFX20Jun20;2020-06-11T13:44:39Z;RFX20
   36,89;   37,15;0,01;  0,26; 26;WTIJul20;2020-06-11T13:44:39Z;WTI
   70,34;   70,38;0,01;  0,04;  4;DOJun20A;2020-06-11T13:44:45Z;DO
  125,00;  125,80;0,05;  0,80; 16;GGALJun20;2020-06-11T13:44:45Z;GGAL
 1742,00; 1759,00;0,10; 17,00;170;OROJul20;2020-06-11T13:44:45Z;ORO
61500,00;61570,00;5,00; 70,00; 14;RFX20Jun20;2020-06-11T13:44:45Z;RFX20
   36,89;   37,15;0,01;  0,26; 26;WTIJul20;2020-06-11T13:44:45Z;WTI
   70,34;   70,38;0,01;  0,04;  4;DOJun20A;2020-06-11T13:44:53Z;DO
  125,00;  125,80;0,05;  0,80; 16;GGALJun20;2020-06-11T13:44:53Z;GGAL
 1742,00; 1759,00;0,10; 17,00;170;OROJul20;2020-06-11T13:44:53Z;ORO
61460,00;61500,00;5,00; 40,00;  8;RFX20Jun20;2020-06-11T13:44:53Z;RFX20
   36,90;   37,15;0,01;  0,25; 25;WTIJul20;2020-06-11T13:44:53Z;WTI
   70,34;   70,38;0,01;  0,04;  4;DOJun20A;2020-06-11T13:44:59Z;DO
  125,05;  125,80;0,05;  0,75; 15;GGALJun20;2020-06-11T13:44:59Z;GGAL
 1745,00; 1759,00;0,10; 14,00;140;OROJul20;2020-06-11T13:44:59Z;ORO
61465,00;61565,00;5,00;100,00; 20;RFX20Jun20;2020-06-11T13:44:59Z;RFX20
   36,91;   37,15;0,01;  0,24; 24;WTIJul20;2020-06-11T13:44:59Z;WTI
   70,34;   70,38;0,01;  0,04;  4;DOJun20A;2020-06-11T13:45:07Z;DO
  124,80;  125,50;0,05;  0,70; 14;GGALJun20;2020-06-11T13:45:07Z;GGAL
 1745,00; 1759,00;0,10; 14,00;140;OROJul20;2020-06-11T13:45:07Z;ORO
61470,00;61565,00;5,00; 95,00; 19;RFX20Jun20;2020-06-11T13:45:07Z;RFX20
   36,91;   37,15;0,01;  0,24; 24;WTIJul20;2020-06-11T13:45:07Z;WTI
   70,34;   70,38;0,01;  0,04;  4;DOJun20A;2020-06-11T13:45:15Z;DO
  124,80;  125,50;0,05;  0,70; 14;GGALJun20;2020-06-11T13:45:15Z;GGAL
 1745,00; 1757,00;0,10; 12,00;120;OROJul20;2020-06-11T13:45:15Z;ORO
61500,00;61595,00;5,00; 95,00; 19;RFX20Jun20;2020-06-11T13:45:15Z;RFX20
   36,91;   37,15;0,01;  0,24; 24;WTIJul20;2020-06-11T13:45:15Z;WTI
   70,34;   70,38;0,01;  0,04;  4;DOJun20A;2020-06-11T13:45:22Z;DO
  124,80;  125,50;0,05;  0,70; 14;GGALJun20;2020-06-11T13:45:22Z;GGAL
 1745,00; 1757,00;0,10; 12,00;120;OROJul20;2020-06-11T13:45:22Z;ORO
61500,00;61595,00;5,00; 95,00; 19;RFX20Jun20;2020-06-11T13:45:22Z;RFX20
   36,91;   37,15;0,01;  0,24; 24;WTIJul20;2020-06-11T13:45:22Z;WTI
   70,34;   70,38;0,01;  0,04;  4;DOJun20A;2020-06-11T13:45:29Z;DO
  124,85;  125,80;0,05;  0,95; 19;GGALJun20;2020-06-11T13:45:29Z;GGAL
 1745,00; 1757,00;0,10; 12,00;120;OROJul20;2020-06-11T13:45:29Z;ORO
61510,00;61590,00;5,00; 80,00; 16;RFX20Jun20;2020-06-11T13:45:29Z;RFX20
   36,93;   37,15;0,01;  0,22; 22;WTIJul20;2020-06-11T13:45:29Z;WTI
   70,34;   70,38;0,01;  0,04;  4;DOJun20A;2020-06-11T13:45:36Z;DO
  125,00;  125,70;0,05;  0,70; 14;GGALJun20;2020-06-11T13:45:36Z;GGAL
 1745,00; 1757,00;0,10; 12,00;120;OROJul20;2020-06-11T13:45:36Z;ORO
61510,00;61590,00;5,00; 80,00; 16;RFX20Jun20;2020-06-11T13:45:36Z;RFX20
   36,94;   37,15;0,01;  0,21; 21;WTIJul20;2020-06-11T13:45:36Z;WTI
   70,34;   70,38;0,01;  0,04;  4;DOJun20A;2020-06-11T13:45:43Z;DO
  125,00;  125,70;0,05;  0,70; 14;GGALJun20;2020-06-11T13:45:43Z;GGAL
 1745,00; 1757,00;0,10; 12,00;120;OROJul20;2020-06-11T13:45:43Z;ORO
61510,00;61590,00;5,00; 80,00; 16;RFX20Jun20;2020-06-11T13:45:43Z;RFX20
   36,94;   37,15;0,01;  0,21; 21;WTIJul20;2020-06-11T13:45:43Z;WTI
   70,34;   70,38;0,01;  0,04;  4;DOJun20A;2020-06-11T13:45:50Z;DO
  125,00;  125,70;0,05;  0,70; 14;GGALJun20;2020-06-11T13:45:50Z;GGAL
 1745,00; 1757,00;0,10; 12,00;120;OROJul20;2020-06-11T13:45:50Z;ORO
61510,00;61590,00;5,00; 80,00; 16;RFX20Jun20;2020-06-11T13:45:50Z;RFX20
   36,94;   37,15;0,01;  0,21; 21;WTIJul20;2020-06-11T13:45:50Z;WTI
   70,34;   70,38;0,01;  0,04;  4;DOJun20A;2020-06-11T13:45:57Z;DO
  125,00;  125,70;0,05;  0,70; 14;GGALJun20;2020-06-11T13:45:57Z;GGAL
 1745,00; 1757,00;0,10; 12,00;120;OROJul20;2020-06-11T13:45:57Z;ORO
61510,00;61580,00;5,00; 70,00; 14;RFX20Jun20;2020-06-11T13:45:57Z;RFX20
   36,94;   37,15;0,01;  0,21; 21;WTIJul20;2020-06-11T13:45:57Z;WTI
   70,34;   70,38;0,01;  0,04;  4;DOJun20A;2020-06-11T13:46:04Z;DO
  125,00;  125,50;0,05;  0,50; 10;GGALJun20;2020-06-11T13:46:04Z;GGAL
 1742,00; 1757,00;0,10; 15,00;150;OROJul20;2020-06-11T13:46:04Z;ORO
61510,00;61575,00;5,00; 65,00; 13;RFX20Jun20;2020-06-11T13:46:04Z;RFX20
   36,94;   37,15;0,01;  0,21; 21;WTIJul20;2020-06-11T13:46:04Z;WTI
   70,34;   70,38;0,01;  0,04;  4;DOJun20A;2020-06-11T13:46:11Z;DO
  125,00;  125,50;0,05;  0,50; 10;GGALJun20;2020-06-11T13:46:11Z;GGAL
 1742,50; 1755,00;0,10; 12,50;125;OROJul20;2020-06-11T13:46:11Z;ORO
61510,00;61575,00;5,00; 65,00; 13;RFX20Jun20;2020-06-11T13:46:11Z;RFX20
   36,93;   37,15;0,01;  0,22; 22;WTIJul20;2020-06-11T13:46:11Z;WTI
   70,34;   70,38;0,01;  0,04;  4;DOJun20A;2020-06-11T13:46:18Z;DO
  125,00;  125,50;0,05;  0,50; 10;GGALJun20;2020-06-11T13:46:18Z;GGAL
 1742,50; 1755,00;0,10; 12,50;125;OROJul20;2020-06-11T13:46:18Z;ORO
61505,00;61565,00;5,00; 60,00; 12;RFX20Jun20;2020-06-11T13:46:18Z;RFX20
   36,93;   37,15;0,01;  0,22; 22;WTIJul20;2020-06-11T13:46:18Z;WTI
   70,34;   70,38;0,01;  0,04;  4;DOJun20A;2020-06-11T13:46:25Z;DO
  125,00;  125,80;0,05;  0,80; 16;GGALJun20;2020-06-11T13:46:25Z;GGAL
 1742,50; 1754,00;0,10; 11,50;115;OROJul20;2020-06-11T13:46:25Z;ORO
61505,00;61565,00;5,00; 60,00; 12;RFX20Jun20;2020-06-11T13:46:25Z;RFX20
   36,91;   37,15;0,01;  0,24; 24;WTIJul20;2020-06-11T13:46:25Z;WTI
   70,34;   70,38;0,01;  0,04;  4;DOJun20A;2020-06-11T13:46:32Z;DO
  125,00;  125,80;0,05;  0,80; 16;GGALJun20;2020-06-11T13:46:32Z;GGAL
 1742,50; 1754,00;0,10; 11,50;115;OROJul20;2020-06-11T13:46:32Z;ORO
61515,00;61570,00;5,00; 55,00; 11;RFX20Jun20;2020-06-11T13:46:32Z;RFX20
   36,91;   37,15;0,01;  0,24; 24;WTIJul20;2020-06-11T13:46:32Z;WTI
   70,34;   70,38;0,01;  0,04;  4;DOJun20A;2020-06-11T13:46:39Z;DO
  125,00;  125,80;0,05;  0,80; 16;GGALJun20;2020-06-11T13:46:39Z;GGAL
 1742,50; 1754,00;0,10; 11,50;115;OROJul20;2020-06-11T13:46:39Z;ORO
61520,00;61590,00;5,00; 70,00; 14;RFX20Jun20;2020-06-11T13:46:39Z;RFX20
   36,91;   37,15;0,01;  0,24; 24;WTIJul20;2020-06-11T13:46:39Z;WTI
   70,34;   70,38;0,01;  0,04;  4;DOJun20A;2020-06-11T13:46:46Z;DO
  125,00;  125,80;0,05;  0,80; 16;GGALJun20;2020-06-11T13:46:46Z;GGAL
 1742,50; 1754,00;0,10; 11,50;115;OROJul20;2020-06-11T13:46:46Z;ORO
61520,00;61590,00;5,00; 70,00; 14;RFX20Jun20;2020-06-11T13:46:46Z;RFX20
   36,91;   37,15;0,01;  0,24; 24;WTIJul20;2020-06-11T13:46:46Z;WTI
   70,34;   70,38;0,01;  0,04;  4;DOJun20A;2020-06-11T13:46:53Z;DO
  125,10;  125,80;0,05;  0,70; 14;GGALJun20;2020-06-11T13:46:53Z;GGAL
 1742,50; 1754,00;0,10; 11,50;115;OROJul20;2020-06-11T13:46:53Z;ORO
61525,00;61600,00;5,00; 75,00; 15;RFX20Jun20;2020-06-11T13:46:53Z;RFX20
   36,91;   37,14;0,01;  0,23; 23;WTIJul20;2020-06-11T13:46:53Z;WTI
   70,34;   70,38;0,01;  0,04;  4;DOJun20A;2020-06-11T13:47:00Z;DO
  125,10;  125,80;0,05;  0,70; 14;GGALJun20;2020-06-11T13:47:00Z;GGAL
 1743,00; 1754,00;0,10; 11,00;110;OROJul20;2020-06-11T13:47:00Z;ORO
61600,00;61615,00;5,00; 15,00;  3;RFX20Jun20;2020-06-11T13:47:00Z;RFX20
   36,91;   37,13;0,01;  0,22; 22;WTIJul20;2020-06-11T13:47:00Z;WTI
   70,34;   70,38;0,01;  0,04;  4;DOJun20A;2020-06-11T13:47:07Z;DO
  125,10;  125,80;0,05;  0,70; 14;GGALJun20;2020-06-11T13:47:07Z;GGAL
 1743,00; 1754,00;0,10; 11,00;110;OROJul20;2020-06-11T13:47:07Z;ORO
61600,00;61615,00;5,00; 15,00;  3;RFX20Jun20;2020-06-11T13:47:07Z;RFX20
   36,91;   37,13;0,01;  0,22; 22;WTIJul20;2020-06-11T13:47:07Z;WTI
   70,34;   70,38;0,01;  0,04;  4;DOJun20A;2020-06-11T13:47:14Z;DO
  125,10;  125,80;0,05;  0,70; 14;GGALJun20;2020-06-11T13:47:14Z;GGAL
 1743,00; 1754,00;0,10; 11,00;110;OROJul20;2020-06-11T13:47:14Z;ORO
61600,00;61645,00;5,00; 45,00;  9;RFX20Jun20;2020-06-11T13:47:14Z;RFX20
   36,92;   37,13;0,01;  0,21; 21;WTIJul20;2020-06-11T13:47:14Z;WTI
   70,34;   70,38;0,01;  0,04;  4;DOJun20A;2020-06-11T13:47:21Z;DO
  125,10;  125,80;0,05;  0,70; 14;GGALJun20;2020-06-11T13:47:21Z;GGAL
 1743,00; 1754,00;0,10; 11,00;110;OROJul20;2020-06-11T13:47:21Z;ORO
61605,00;61645,00;5,00; 40,00;  8;RFX20Jun20;2020-06-11T13:47:21Z;RFX20
   36,92;   37,13;0,01;  0,21; 21;WTIJul20;2020-06-11T13:47:21Z;WTI
   70,34;   70,38;0,01;  0,04;  4;DOJun20A;2020-06-11T13:47:28Z;DO
  125,10;  125,80;0,05;  0,70; 14;GGALJun20;2020-06-11T13:47:28Z;GGAL
 1745,00; 1754,00;0,10;  9,00; 90;OROJul20;2020-06-11T13:47:28Z;ORO
61650,00;61885,00;5,00;235,00; 47;RFX20Jun20;2020-06-11T13:47:28Z;RFX20
   36,92;   37,13;0,01;  0,21; 21;WTIJul20;2020-06-11T13:47:28Z;WTI
   70,34;   70,38;0,01;  0,04;  4;DOJun20A;2020-06-11T13:47:35Z;DO
  125,10;  125,80;0,05;  0,70; 14;GGALJun20;2020-06-11T13:47:35Z;GGAL
 1745,00; 1754,00;0,10;  9,00; 90;OROJul20;2020-06-11T13:47:35Z;ORO
61660,00;61850,00;5,00;190,00; 38;RFX20Jun20;2020-06-11T13:47:35Z;RFX20
   36,92;   37,13;0,01;  0,21; 21;WTIJul20;2020-06-11T13:47:35Z;WTI
   70,34;   70,38;0,01;  0,04;  4;DOJun20A;2020-06-11T13:47:42Z;DO
  125,15;  126,25;0,05;  1,10; 22;GGALJun20;2020-06-11T13:47:42Z;GGAL
 1745,00; 1754,00;0,10;  9,00; 90;OROJul20;2020-06-11T13:47:42Z;ORO
61675,00;61815,00;5,00;140,00; 28;RFX20Jun20;2020-06-11T13:47:42Z;RFX20
   36,92;   37,13;0,01;  0,21; 21;WTIJul20;2020-06-11T13:47:42Z;WTI
   70,35;   70,38;0,01;  0,03;  3;DOJun20A;2020-06-11T13:47:49Z;DO
  125,15;  126,20;0,05;  1,05; 21;GGALJun20;2020-06-11T13:47:49Z;GGAL
 1745,00; 1754,00;0,10;  9,00; 90;OROJul20;2020-06-11T13:47:49Z;ORO
61700,00;61735,00;5,00; 35,00;  7;RFX20Jun20;2020-06-11T13:47:49Z;RFX20
   36,92;   37,13;0,01;  0,21; 21;WTIJul20;2020-06-11T13:47:49Z;WTI
   70,35;   70,38;0,01;  0,03;  3;DOJun20A;2020-06-11T13:47:56Z;DO
  125,15;  126,20;0,05;  1,05; 21;GGALJun20;2020-06-11T13:47:56Z;GGAL
 1745,00; 1754,00;0,10;  9,00; 90;OROJul20;2020-06-11T13:47:56Z;ORO
61700,00;61735,00;5,00; 35,00;  7;RFX20Jun20;2020-06-11T13:47:56Z;RFX20
   36,92;   37,13;0,01;  0,21; 21;WTIJul20;2020-06-11T13:47:56Z;WTI
   70,35;   70,38;0,01;  0,03;  3;DOJun20A;2020-06-11T13:48:02Z;DO
  125,30;  126,20;0,05;  0,90; 18;GGALJun20;2020-06-11T13:48:02Z;GGAL
 1745,00; 1755,00;0,10; 10,00;100;OROJul20;2020-06-11T13:48:02Z;ORO
61700,00;61800,00;5,00;100,00; 20;RFX20Jun20;2020-06-11T13:48:02Z;RFX20
   36,92;   37,13;0,01;  0,21; 21;WTIJul20;2020-06-11T13:48:02Z;WTI
   70,35;   70,39;0,01;  0,04;  4;DOJun20A;2020-06-11T13:48:09Z;DO
  125,30;  126,20;0,05;  0,90; 18;GGALJun20;2020-06-11T13:48:09Z;GGAL
 1745,00; 1755,00;0,10; 10,00;100;OROJul20;2020-06-11T13:48:09Z;ORO
61700,00;61800,00;5,00;100,00; 20;RFX20Jun20;2020-06-11T13:48:09Z;RFX20
   36,92;   37,13;0,01;  0,21; 21;WTIJul20;2020-06-11T13:48:09Z;WTI
   70,35;   70,39;0,01;  0,04;  4;DOJun20A;2020-06-11T13:48:16Z;DO
  125,30;  126,20;0,05;  0,90; 18;GGALJun20;2020-06-11T13:48:16Z;GGAL
 1745,00; 1755,00;0,10; 10,00;100;OROJul20;2020-06-11T13:48:16Z;ORO
61735,00;61795,00;5,00; 60,00; 12;RFX20Jun20;2020-06-11T13:48:16Z;RFX20
   36,92;   37,13;0,01;  0,21; 21;WTIJul20;2020-06-11T13:48:16Z;WTI
   70,35;   70,40;0,01;  0,05;  5;DOJun20A;2020-06-11T13:48:23Z;DO
  125,35;  126,20;0,05;  0,85; 17;GGALJun20;2020-06-11T13:48:23Z;GGAL
 1745,00; 1755,00;0,10; 10,00;100;OROJul20;2020-06-11T13:48:23Z;ORO
61740,00;61795,00;5,00; 55,00; 11;RFX20Jun20;2020-06-11T13:48:23Z;RFX20
   36,92;   37,13;0,01;  0,21; 21;WTIJul20;2020-06-11T13:48:23Z;WTI
   70,35;   70,40;0,01;  0,05;  5;DOJun20A;2020-06-11T13:48:30Z;DO
  125,35;  126,20;0,05;  0,85; 17;GGALJun20;2020-06-11T13:48:30Z;GGAL
 1745,00; 1755,00;0,10; 10,00;100;OROJul20;2020-06-11T13:48:30Z;ORO
61795,00;61800,00;5,00;  5,00;  1;RFX20Jun20;2020-06-11T13:48:30Z;RFX20
   36,92;   37,12;0,01;  0,20; 20;WTIJul20;2020-06-11T13:48:30Z;WTI
   70,35;   70,40;0,01;  0,05;  5;DOJun20A;2020-06-11T13:48:36Z;DO
  125,35;  126,20;0,05;  0,85; 17;GGALJun20;2020-06-11T13:48:36Z;GGAL
 1745,00; 1755,00;0,10; 10,00;100;OROJul20;2020-06-11T13:48:36Z;ORO
61740,00;61795,00;5,00; 55,00; 11;RFX20Jun20;2020-06-11T13:48:36Z;RFX20
   36,92;   37,12;0,01;  0,20; 20;WTIJul20;2020-06-11T13:48:36Z;WTI
   70,35;   70,40;0,01;  0,05;  5;DOJun20A;2020-06-11T13:48:44Z;DO
  125,50;  126,20;0,05;  0,70; 14;GGALJun20;2020-06-11T13:48:44Z;GGAL
 1745,00; 1755,00;0,10; 10,00;100;OROJul20;2020-06-11T13:48:44Z;ORO
61740,00;61790,00;5,00; 50,00; 10;RFX20Jun20;2020-06-11T13:48:44Z;RFX20
   36,89;   37,12;0,01;  0,23; 23;WTIJul20;2020-06-11T13:48:44Z;WTI
   70,35;   70,40;0,01;  0,05;  5;DOJun20A;2020-06-11T13:48:51Z;DO
  125,35;  126,20;0,05;  0,85; 17;GGALJun20;2020-06-11T13:48:51Z;GGAL
 1745,00; 1755,00;0,10; 10,00;100;OROJul20;2020-06-11T13:48:51Z;ORO
61755,00;61785,00;5,00; 30,00;  6;RFX20Jun20;2020-06-11T13:48:51Z;RFX20
   36,87;   37,00;0,01;  0,13; 13;WTIJul20;2020-06-11T13:48:51Z;WTI
   70,35;   70,40;0,01;  0,05;  5;DOJun20A;2020-06-11T13:48:58Z;DO
  125,40;  126,20;0,05;  0,80; 16;GGALJun20;2020-06-11T13:48:58Z;GGAL
 1745,00; 1755,00;0,10; 10,00;100;OROJul20;2020-06-11T13:48:58Z;ORO
61755,00;61785,00;5,00; 30,00;  6;RFX20Jun20;2020-06-11T13:48:58Z;RFX20
   36,87;   37,00;0,01;  0,13; 13;WTIJul20;2020-06-11T13:48:58Z;WTI
   70,35;   70,40;0,01;  0,05;  5;DOJun20A;2020-06-11T13:49:04Z;DO
  125,40;  126,20;0,05;  0,80; 16;GGALJun20;2020-06-11T13:49:04Z;GGAL
 1745,00; 1755,00;0,10; 10,00;100;OROJul20;2020-06-11T13:49:04Z;ORO
61705,00;61750,00;5,00; 45,00;  9;RFX20Jun20;2020-06-11T13:49:04Z;RFX20
   36,70;   37,00;0,01;  0,30; 30;WTIJul20;2020-06-11T13:49:04Z;WTI
   70,35;   70,40;0,01;  0,05;  5;DOJun20A;2020-06-11T13:49:11Z;DO
  125,45;  126,20;0,05;  0,75; 15;GGALJun20;2020-06-11T13:49:11Z;GGAL
 1745,00; 1755,00;0,10; 10,00;100;OROJul20;2020-06-11T13:49:11Z;ORO
61705,00;61750,00;5,00; 45,00;  9;RFX20Jun20;2020-06-11T13:49:11Z;RFX20
   36,70;   36,99;0,01;  0,29; 29;WTIJul20;2020-06-11T13:49:11Z;WTI
   70,35;   70,40;0,01;  0,05;  5;DOJun20A;2020-06-11T13:49:18Z;DO
  125,45;  126,20;0,05;  0,75; 15;GGALJun20;2020-06-11T13:49:18Z;GGAL
 1745,00; 1755,00;0,10; 10,00;100;OROJul20;2020-06-11T13:49:18Z;ORO
61655,00;61700,00;5,00; 45,00;  9;RFX20Jun20;2020-06-11T13:49:18Z;RFX20
   36,51;   37,00;0,01;  0,49; 49;WTIJul20;2020-06-11T13:49:18Z;WTI
   70,35;   70,40;0,01;  0,05;  5;DOJun20A;2020-06-11T13:49:25Z;DO
  125,45;  126,20;0,05;  0,75; 15;GGALJun20;2020-06-11T13:49:25Z;GGAL
 1745,00; 1755,00;0,10; 10,00;100;OROJul20;2020-06-11T13:49:25Z;ORO
61655,00;61700,00;5,00; 45,00;  9;RFX20Jun20;2020-06-11T13:49:25Z;RFX20
   36,70;   37,00;0,01;  0,30; 30;WTIJul20;2020-06-11T13:49:25Z;WTI
   70,35;   70,40;0,01;  0,05;  5;DOJun20A;2020-06-11T13:49:32Z;DO
  125,45;  126,20;0,05;  0,75; 15;GGALJun20;2020-06-11T13:49:32Z;GGAL
 1745,00; 1755,00;0,10; 10,00;100;OROJul20;2020-06-11T13:49:32Z;ORO
61655,00;61695,00;5,00; 40,00;  8;RFX20Jun20;2020-06-11T13:49:32Z;RFX20
   36,70;   37,00;0,01;  0,30; 30;WTIJul20;2020-06-11T13:49:32Z;WTI
   70,35;   70,40;0,01;  0,05;  5;DOJun20A;2020-06-11T13:49:39Z;DO
  125,45;  126,10;0,05;  0,65; 13;GGALJun20;2020-06-11T13:49:39Z;GGAL
 1745,00; 1755,00;0,10; 10,00;100;OROJul20;2020-06-11T13:49:39Z;ORO
61655,00;61695,00;5,00; 40,00;  8;RFX20Jun20;2020-06-11T13:49:39Z;RFX20
   36,70;   36,99;0,01;  0,29; 29;WTIJul20;2020-06-11T13:49:39Z;WTI
   70,35;   70,40;0,01;  0,05;  5;DOJun20A;2020-06-11T13:49:46Z;DO
  125,45;  126,10;0,05;  0,65; 13;GGALJun20;2020-06-11T13:49:46Z;GGAL
 1745,00; 1755,00;0,10; 10,00;100;OROJul20;2020-06-11T13:49:46Z;ORO
61655,00;61690,00;5,00; 35,00;  7;RFX20Jun20;2020-06-11T13:49:46Z;RFX20
   36,60;   36,80;0,01;  0,20; 20;WTIJul20;2020-06-11T13:49:46Z;WTI
   70,35;   70,40;0,01;  0,05;  5;DOJun20A;2020-06-11T13:49:53Z;DO
  125,45;  126,10;0,05;  0,65; 13;GGALJun20;2020-06-11T13:49:53Z;GGAL
 1745,00; 1755,00;0,10; 10,00;100;OROJul20;2020-06-11T13:49:53Z;ORO
61655,00;61685,00;5,00; 30,00;  6;RFX20Jun20;2020-06-11T13:49:53Z;RFX20
   36,60;   36,80;0,01;  0,20; 20;WTIJul20;2020-06-11T13:49:53Z;WTI
   70,38;   70,45;0,01;  0,07;  7;DOJun20A;2020-06-11T13:50:01Z;DO
  125,80;  126,10;0,05;  0,30;  6;GGALJun20;2020-06-11T13:50:01Z;GGAL
 1745,00; 1755,00;0,10; 10,00;100;OROJul20;2020-06-11T13:50:01Z;ORO
61600,00;61650,00;5,00; 50,00; 10;RFX20Jun20;2020-06-11T13:50:01Z;RFX20
   36,70;   36,80;0,01;  0,10; 10;WTIJul20;2020-06-11T13:50:01Z;WTI
   70,39;   70,45;0,01;  0,06;  6;DOJun20A;2020-06-11T13:50:08Z;DO
  125,80;  126,10;0,05;  0,30;  6;GGALJun20;2020-06-11T13:50:08Z;GGAL
 1745,00; 1755,00;0,10; 10,00;100;OROJul20;2020-06-11T13:50:08Z;ORO
61615,00;61650,00;5,00; 35,00;  7;RFX20Jun20;2020-06-11T13:50:08Z;RFX20
   36,70;   36,80;0,01;  0,10; 10;WTIJul20;2020-06-11T13:50:08Z;WTI
   70,39;   70,45;0,01;  0,06;  6;DOJun20A;2020-06-11T13:50:15Z;DO
  125,80;  126,10;0,05;  0,30;  6;GGALJun20;2020-06-11T13:50:15Z;GGAL
 1745,00; 1755,00;0,10; 10,00;100;OROJul20;2020-06-11T13:50:15Z;ORO
61610,00;61645,00;5,00; 35,00;  7;RFX20Jun20;2020-06-11T13:50:15Z;RFX20
   36,70;   36,80;0,01;  0,10; 10;WTIJul20;2020-06-11T13:50:15Z;WTI
   70,39;   70,45;0,01;  0,06;  6;DOJun20A;2020-06-11T13:50:22Z;DO
  125,80;  126,10;0,05;  0,30;  6;GGALJun20;2020-06-11T13:50:22Z;GGAL
 1745,00; 1755,00;0,10; 10,00;100;OROJul20;2020-06-11T13:50:22Z;ORO
61605,00;61645,00;5,00; 40,00;  8;RFX20Jun20;2020-06-11T13:50:22Z;RFX20
   36,70;   36,80;0,01;  0,10; 10;WTIJul20;2020-06-11T13:50:22Z;WTI
   70,40;   70,45;0,01;  0,05;  5;DOJun20A;2020-06-11T13:50:29Z;DO
  125,90;  126,10;0,05;  0,20;  4;GGALJun20;2020-06-11T13:50:29Z;GGAL
 1745,00; 1755,00;0,10; 10,00;100;OROJul20;2020-06-11T13:50:29Z;ORO
61610,00;61650,00;5,00; 40,00;  8;RFX20Jun20;2020-06-11T13:50:29Z;RFX20
   36,60;   36,80;0,01;  0,20; 20;WTIJul20;2020-06-11T13:50:29Z;WTI
   70,40;   70,45;0,01;  0,05;  5;DOJun20A;2020-06-11T13:50:36Z;DO
  125,90;  126,10;0,05;  0,20;  4;GGALJun20;2020-06-11T13:50:36Z;GGAL
 1745,00; 1755,00;0,10; 10,00;100;OROJul20;2020-06-11T13:50:36Z;ORO
61600,00;61640,00;5,00; 40,00;  8;RFX20Jun20;2020-06-11T13:50:36Z;RFX20
   36,61;   36,80;0,01;  0,19; 19;WTIJul20;2020-06-11T13:50:36Z;WTI
   70,40;   70,45;0,01;  0,05;  5;DOJun20A;2020-06-11T13:50:42Z;DO
  125,90;  126,10;0,05;  0,20;  4;GGALJun20;2020-06-11T13:50:42Z;GGAL
 1745,00; 1755,00;0,10; 10,00;100;OROJul20;2020-06-11T13:50:42Z;ORO
61575,00;61600,00;5,00; 25,00;  5;RFX20Jun20;2020-06-11T13:50:42Z;RFX20
   36,61;   36,80;0,01;  0,19; 19;WTIJul20;2020-06-11T13:50:42Z;WTI
   70,40;   70,45;0,01;  0,05;  5;DOJun20A;2020-06-11T13:50:50Z;DO
  125,90;  126,10;0,05;  0,20;  4;GGALJun20;2020-06-11T13:50:50Z;GGAL
 1745,00; 1755,00;0,10; 10,00;100;OROJul20;2020-06-11T13:50:50Z;ORO
61585,00;61600,00;5,00; 15,00;  3;RFX20Jun20;2020-06-11T13:50:50Z;RFX20
   36,61;   36,80;0,01;  0,19; 19;WTIJul20;2020-06-11T13:50:50Z;WTI
   70,40;   70,44;0,01;  0,04;  4;DOJun20A;2020-06-11T13:50:57Z;DO
  125,90;  126,10;0,05;  0,20;  4;GGALJun20;2020-06-11T13:50:57Z;GGAL
 1745,00; 1755,00;0,10; 10,00;100;OROJul20;2020-06-11T13:50:57Z;ORO
61585,00;61595,00;5,00; 10,00;  2;RFX20Jun20;2020-06-11T13:50:57Z;RFX20
   36,61;   36,80;0,01;  0,19; 19;WTIJul20;2020-06-11T13:50:57Z;WTI
   70,40;   70,44;0,01;  0,04;  4;DOJun20A;2020-06-11T13:51:04Z;DO
  125,90;  126,10;0,05;  0,20;  4;GGALJun20;2020-06-11T13:51:04Z;GGAL
 1745,00; 1755,00;0,10; 10,00;100;OROJul20;2020-06-11T13:51:04Z;ORO
61585,00;61600,00;5,00; 15,00;  3;RFX20Jun20;2020-06-11T13:51:04Z;RFX20
   36,61;   36,80;0,01;  0,19; 19;WTIJul20;2020-06-11T13:51:04Z;WTI
   70,40;   70,44;0,01;  0,04;  4;DOJun20A;2020-06-11T13:51:11Z;DO
  125,90;  126,10;0,05;  0,20;  4;GGALJun20;2020-06-11T13:51:11Z;GGAL
 1745,00; 1755,00;0,10; 10,00;100;OROJul20;2020-06-11T13:51:11Z;ORO
61585,00;61600,00;5,00; 15,00;  3;RFX20Jun20;2020-06-11T13:51:11Z;RFX20
   36,61;   36,80;0,01;  0,19; 19;WTIJul20;2020-06-11T13:51:11Z;WTI
   70,40;   70,44;0,01;  0,04;  4;DOJun20A;2020-06-11T13:51:18Z;DO
  125,90;  126,10;0,05;  0,20;  4;GGALJun20;2020-06-11T13:51:18Z;GGAL
 1745,00; 1755,00;0,10; 10,00;100;OROJul20;2020-06-11T13:51:18Z;ORO
